@article{astropy:2013,
  adsnote       = {Provided by the SAO/NASA Astrophysics Data System},
  adsurl        = {http://adsabs.harvard.edu/abs/2013A\%26A...558A..33A},
  archiveprefix = {arXiv},
  author        = {{Astropy Collaboration} and {Robitaille}, T.~P. and {Tollerud}, E.~J. and {Greenfield}, P. and {Droettboom}, M. and {Bray}, E. and {Aldcroft}, T. and {Davis}, M. and {Ginsburg}, A. and {Price-Whelan}, A.~M. and {Kerzendorf}, W.~E. and {Conley}, A. and {Crighton}, N. and {Barbary}, K. and {Muna}, D. and {Ferguson}, H. and {Grollier}, F. and {Parikh}, M.~M. and {Nair}, P.~H. and {Unther}, H.~M. and {Deil}, C. and {Woillez}, J. and {Conseil}, S. and {Kramer}, R. and {Turner}, J.~E.~H. and {Singer}, L. and {Fox}, R. and {Weaver}, B.~A. and {Zabalza}, V. and {Edwards}, Z.~I. and {Azalee Bostroem}, K. and {Burke}, D.~J. and {Casey}, A.~R. and {Crawford}, S.~M. and {Dencheva}, N. and {Ely}, J. and {Jenness}, T. and {Labrie}, K. and {Lim}, P.~L. and {Pierfederici}, F. and {Pontzen}, A. and {Ptak}, A. and {Refsdal}, B. and {Servillat}, M. and {Streicher}, O.},
  doi           = {10.1051/0004-6361/201322068},
  eid           = {A33},
  eprint        = {1307.6212},
  journal       = {\aap},
  keywords      = {methods: data analysis, methods: miscellaneous, virtual observatory tools},
  month         = oct,
  pages         = {A33},
  primaryclass  = {astro-ph.IM},
  title         = {{Astropy: A community Python package for astronomy}},
  volume        = 558,
  year          = 2013,
  bdsk-url-1    = {https://dx.doi.org/10.1051/0004-6361/201322068}
}

@article{astropy:2018,
  author        = {{Astropy Collaboration} and {Price-Whelan}, A.~M. and {Sip{\H{o}}cz}, B.~M. and {G{\"u}nther}, H.~M. and {Lim}, P.~L. and {Crawford}, S.~M. and {Conseil}, S. and {Shupe}, D.~L. and {Craig}, M.~W. and {Dencheva}, N. and {Ginsburg}, A. and {Vand erPlas}, J.~T. and {Bradley}, L.~D. and {P{\'e}rez-Su{\'a}rez}, D. and {de Val-Borro}, M. and {Aldcroft}, T.~L. and {Cruz}, K.~L. and {Robitaille}, T.~P. and {Tollerud}, E.~J. and {Ardelean}, C. and {Babej}, T. and {Bach}, Y.~P. and {Bachetti}, M. and {Bakanov}, A.~V. and {Bamford}, S.~P. and {Barentsen}, G. and {Barmby}, P. and {Baumbach}, A. and {Berry}, K.~L. and {Biscani}, F. and {Boquien}, M. and {Bostroem}, K.~A. and {Bouma}, L.~G. and {Brammer}, G.~B. and {Bray}, E.~M. and {Breytenbach}, H. and {Buddelmeijer}, H. and {Burke}, D.~J. and {Calderone}, G. and {Cano Rodr{\'\i}guez}, J.~L. and {Cara}, M. and {Cardoso}, J.~V.~M. and {Cheedella}, S. and {Copin}, Y. and {Corrales}, L. and {Crichton}, D. and {D'Avella}, D. and {Deil}, C. and {Depagne}, {\'E}. and {Dietrich}, J.~P. and {Donath}, A. and {Droettboom}, M. and {Earl}, N. and {Erben}, T. and {Fabbro}, S. and {Ferreira}, L.~A. and {Finethy}, T. and {Fox}, R.~T. and {Garrison}, L.~H. and {Gibbons}, S.~L.~J. and {Goldstein}, D.~A. and {Gommers}, R. and {Greco}, J.~P. and {Greenfield}, P. and {Groener}, A.~M. and {Grollier}, F. and {Hagen}, A. and {Hirst}, P. and {Homeier}, D. and {Horton}, A.~J. and {Hosseinzadeh}, G. and {Hu}, L. and {Hunkeler}, J.~S. and {Ivezi{\'c}}, {\v{Z}}. and {Jain}, A. and {Jenness}, T. and {Kanarek}, G. and {Kendrew}, S. and {Kern}, N.~S. and {Kerzendorf}, W.~E. and {Khvalko}, A. and {King}, J. and {Kirkby}, D. and {Kulkarni}, A.~M. and {Kumar}, A. and {Lee}, A. and {Lenz}, D. and {Littlefair}, S.~P. and {Ma}, Z. and {Macleod}, D.~M. and {Mastropietro}, M. and {McCully}, C. and {Montagnac}, S. and {Morris}, B.~M. and {Mueller}, M. and {Mumford}, S.~J. and {Muna}, D. and {Murphy}, N.~A. and {Nelson}, S. and {Nguyen}, G.~H. and {Ninan}, J.~P. and {N{\"o}the}, M. and {Ogaz}, S. and {Oh}, S. and {Parejko}, J.~K. and {Parley}, N. and {Pascual}, S. and {Patil}, R. and {Patil}, A.~A. and {Plunkett}, A.~L. and {Prochaska}, J.~X. and {Rastogi}, T. and {Reddy Janga}, V. and {Sabater}, J. and {Sakurikar}, P. and {Seifert}, M. and {Sherbert}, L.~E. and {Sherwood-Taylor}, H. and {Shih}, A.~Y. and {Sick}, J. and {Silbiger}, M.~T. and {Singanamalla}, S. and {Singer}, L.~P. and {Sladen}, P.~H. and {Sooley}, K.~A. and {Sornarajah}, S. and {Streicher}, O. and {Teuben}, P. and {Thomas}, S.~W. and {Tremblay}, G.~R. and {Turner}, J.~E.~H. and {Terr{\'o}n}, V. and {van Kerkwijk}, M.~H. and {de la Vega}, A. and {Watkins}, L.~L. and {Weaver}, B.~A. and {Whitmore}, J.~B. and {Woillez}, J. and {Zabalza}, V. and {Astropy Contributors}},
  title         = "{The Astropy Project: Building an Open-science Project and Status of the v2.0 Core Package}",
  journal       = {\aj},
  keywords      = {methods: data analysis, methods: miscellaneous, methods: statistical, reference systems, Astrophysics - Instrumentation and Methods for Astrophysics},
  year          = 2018,
  month         = sep,
  volume        = {156},
  number        = {3},
  eid           = {123},
  pages         = {123},
  doi           = {10.3847/1538-3881/aabc4f},
  archiveprefix = {arXiv},
  eprint        = {1801.02634},
  primaryclass  = {astro-ph.IM},
  adsurl        = {https://ui.adsabs.harvard.edu/abs/2018AJ....156..123A},
  adsnote       = {Provided by the SAO/NASA Astrophysics Data System}
}

@article{astropy:2022,
  author        = {{Astropy Collaboration} and {Price-Whelan}, Adrian M. and {Lim}, Pey Lian and {Earl}, Nicholas and {Starkman}, Nathaniel and {Bradley}, Larry and {Shupe}, David L. and {Patil}, Aarya A. and {Corrales}, Lia and {Brasseur}, C.~E. and {N{"o}the}, Maximilian and {Donath}, Axel and {Tollerud}, Erik and {Morris}, Brett M. and {Ginsburg}, Adam and {Vaher}, Eero and {Weaver}, Benjamin A. and {Tocknell}, James and {Jamieson}, William and {van Kerkwijk}, Marten H. and {Robitaille}, Thomas P. and {Merry}, Bruce and {Bachetti}, Matteo and {G{"u}nther}, H. Moritz and {Aldcroft}, Thomas L. and {Alvarado-Montes}, Jaime A. and {Archibald}, Anne M. and {B{'o}di}, Attila and {Bapat}, Shreyas and {Barentsen}, Geert and {Baz{'a}n}, Juanjo and {Biswas}, Manish and {Boquien}, M{'e}d{'e}ric and {Burke}, D.~J. and {Cara}, Daria and {Cara}, Mihai and {Conroy}, Kyle E. and {Conseil}, Simon and {Craig}, Matthew W. and {Cross}, Robert M. and {Cruz}, Kelle L. and {D'Eugenio}, Francesco and {Dencheva}, Nadia and {Devillepoix}, Hadrien A.~R. and {Dietrich}, J{"o}rg P. and {Eigenbrot}, Arthur Davis and {Erben}, Thomas and {Ferreira}, Leonardo and {Foreman-Mackey}, Daniel and {Fox}, Ryan and {Freij}, Nabil and {Garg}, Suyog and {Geda}, Robel and {Glattly}, Lauren and {Gondhalekar}, Yash and {Gordon}, Karl D. and {Grant}, David and {Greenfield}, Perry and {Groener}, Austen M. and {Guest}, Steve and {Gurovich}, Sebastian and {Handberg}, Rasmus and {Hart}, Akeem and {Hatfield-Dodds}, Zac and {Homeier}, Derek and {Hosseinzadeh}, Griffin and {Jenness}, Tim and {Jones}, Craig K. and {Joseph}, Prajwel and {Kalmbach}, J. Bryce and {Karamehmetoglu}, Emir and {Ka{l}uszy{'n}ski}, Miko{l}aj and {Kelley}, Michael S.~P. and {Kern}, Nicholas and {Kerzendorf}, Wolfgang E. and {Koch}, Eric W. and {Kulumani}, Shankar and {Lee}, Antony and {Ly}, Chun and {Ma}, Zhiyuan and {MacBride}, Conor and {Maljaars}, Jakob M. and {Muna}, Demitri and {Murphy}, N.~A. and {Norman}, Henrik and {O'Steen}, Richard and {Oman}, Kyle A. and {Pacifici}, Camilla and {Pascual}, Sergio and {Pascual-Granado}, J. and {Patil}, Rohit R. and {Perren}, Gabriel I. and {Pickering}, Timothy E. and {Rastogi}, Tanuj and {Roulston}, Benjamin R. and {Ryan}, Daniel F. and {Rykoff}, Eli S. and {Sabater}, Jose and {Sakurikar}, Parikshit and {Salgado}, Jes{'u}s and {Sanghi}, Aniket and {Saunders}, Nicholas and {Savchenko}, Volodymyr and {Schwardt}, Ludwig and {Seifert-Eckert}, Michael and {Shih}, Albert Y. and {Jain}, Anany Shrey and {Shukla}, Gyanendra and {Sick}, Jonathan and {Simpson}, Chris and {Singanamalla}, Sudheesh and {Singer}, Leo P. and {Singhal}, Jaladh and {Sinha}, Manodeep and {Sip{H{o}}cz}, Brigitta M. and {Spitler}, Lee R. and {Stansby}, David and {Streicher}, Ole and {{{S}}umak}, Jani and {Swinbank}, John D. and {Taranu}, Dan S. and {Tewary}, Nikita and {Tremblay}, Grant R. and {Val-Borro}, Miguel de and {Van Kooten}, Samuel J. and {Vasovi{'c}}, Zlatan and {Verma}, Shresth and {de Miranda Cardoso}, Jos{'e} Vin{'i}cius and {Williams}, Peter K.~G. and {Wilson}, Tom J. and {Winkel}, Benjamin and {Wood-Vasey}, W.~M. and {Xue}, Rui and {Yoachim}, Peter and {Zhang}, Chen and {Zonca}, Andrea and {Astropy Project Contributors}},
  title         = "{The Astropy Project: Sustaining and Growing a Community-oriented Open-source Project and the Latest Major Release (v5.0) of the Core Package}",
  journal       = {\apj},
  keywords      = {Astronomy software, Open source software, Astronomy data analysis, 1855, 1866, 1858, Astrophysics - Instrumentation and Methods for Astrophysics},
  year          = 2022,
  month         = aug,
  volume        = {935},
  number        = {2},
  eid           = {167},
  pages         = {167},
  doi           = {10.3847/1538-4357/ac7c74},
  archiveprefix = {arXiv},
  eprint        = {2206.14220},
  primaryclass  = {astro-ph.IM},
  adsurl        = {https://ui.adsabs.harvard.edu/abs/2022ApJ...935..167A},
  adsnote       = {Provided by the SAO/NASA Astrophysics Data System}
}

@article{2007CSE.....9c..21P,
  author        = {{Perez}, Fernando and {Granger}, Brian E.},
  title         = "{IPython: A System for Interactive Scientific Computing}",
  journal       = {Computing in Science and Engineering},
  year          = "2007",
  month         = "Jan",
  volume        = {9},
  number        = {3},
  pages         = {21--29},
  doi           = {10.1109/MCSE.2007.53},
  adsurl        = {https://ui.adsabs.harvard.edu/abs/2007CSE.....9c..21P},
  adsnote       = {Provided by the SAO/NASA Astrophysics Data System}
}

@inproceedings{kluyver2016jupyter,
  title         = {Jupyter Notebooks-a publishing format for reproducible computational workflows.},
  author        = {Kluyver, Thomas and Ragan-Kelley, Benjamin and P{\'e}rez, Fernando and Granger, Brian E and Bussonnier, Matthias and Frederic, Jonathan and Kelley, Kyle and Hamrick, Jessica B and Grout, Jason and Corlay, Sylvain and others},
  booktitle     = {ELPUB},
  pages         = {87--90},
  year          = {2016}
}

@article{Hunter:2007,
  author        = {Hunter, J. D.},
  title         = {Matplotlib: A 2D graphics environment},
  journal       = {Computing in Science \& Engineering},
  volume        = {9},
  number        = {3},
  pages         = {90--95},
  abstract      = {Matplotlib is a 2D graphics package used for Python for application development, interactive scripting, and publication-quality image generation across user interfaces and operating systems.},
  publisher     = {IEEE COMPUTER SOC},
  doi           = {10.1109/MCSE.2007.55},
  year          = 2007
}

@article{numpy,
  title         = {Array programming with {NumPy}},
  author        = {Charles R. Harris and K. Jarrod Millman and St{\'{e}}fan J. van der Walt and Ralf Gommers and Pauli Virtanen and David Cournapeau and Eric Wieser and Julian Taylor and Sebastian Berg and Nathaniel J. Smith and Robert Kern and Matti Picus and Stephan Hoyer and Marten H. van Kerkwijk and Matthew Brett and Allan Haldane and Jaime Fern{\'{a}}ndez del R{\'{i}}o and Mark Wiebe and Pearu Peterson and Pierre G{\'{e}}rard-Marchant and Kevin Sheppard and Tyler Reddy and Warren Weckesser and Hameer Abbasi and Christoph Gohlke and Travis E. Oliphant},
  year          = {2020},
  month         = sep,
  journal       = {Nature},
  volume        = {585},
  number        = {7825},
  pages         = {357--362},
  doi           = {10.1038/s41586-020-2649-2},
  publisher     = {Springer Science and Business Media {LLC}},
  url           = {https://doi.org/10.1038/s41586-020-2649-2}
}

@book{python,
  author        = {{\VAN{Rossum}{Van}{van} Rossum}, Guido and {Drake}, Fred L.},
  title         = {Python 3 Reference Manual},
  year          = {2009},
  isbn          = {1441412697},
  publisher     = {CreateSpace},
  address       = {Scotts Valley, CA}
}

@software{scipy_8092679,
  author        = {Ralf Gommers and Pauli Virtanen and Evgeni Burovski and Matt Haberland and Warren Weckesser and Travis E. Oliphant and Tyler Reddy and David Cournapeau and alexbrc and Andrew Nelson and Pearu Peterson and Pamphile Roy and Josh Wilson and Ilhan Polat and endolith and Nikolay Mayorov and Stefan van der Walt and Matthew Brett and Denis Laxalde and Eric Larson and Jarrod Millman and Atsushi Sakai and Lars and peterbell10 and Paul van Mulbregt and CJ Carey and eric-jones and Nicholas McKibben and Robert Kern and Kai},
  title         = {scipy/scipy: SciPy 1.11.1},
  month         = jun,
  year          = 2023,
  publisher     = {Zenodo},
  version       = {v1.11.1},
  doi           = {10.5281/zenodo.8092679},
  url           = {https://doi.org/10.5281/zenodo.8092679}
}

@article{2020SciPy-NMeth,
  author        = {Virtanen, Pauli and Gommers, Ralf and Oliphant, Travis E. and Haberland, Matt and Reddy, Tyler and Cournapeau, David and Burovski, Evgeni and Peterson, Pearu and Weckesser, Warren and Bright, Jonathan and {van der Walt}, St{\'e}fan J. and Brett, Matthew and Wilson, Joshua and Millman, K. Jarrod and Mayorov, Nikolay and Nelson, Andrew R. J. and Jones, Eric and Kern, Robert and Larson, Eric and Carey, C J and Polat, {\.I}lhan and Feng, Yu and Moore, Eric W. and {VanderPlas}, Jake and Laxalde, Denis and Perktold, Josef and Cimrman, Robert and Henriksen, Ian and Quintero, E. A. and Harris, Charles R. and Archibald, Anne M. and Ribeiro, Ant{\^o}nio H. and Pedregosa, Fabian and {van Mulbregt}, Paul and {SciPy 1.0 Contributors}},
  title         = {{{SciPy} 1.0: Fundamental Algorithms for Scientific Computing in Python}},
  journal       = {Nature Methods},
  year          = {2020},
  volume        = {17},
  pages         = {261--272},
  adsurl        = {https://rdcu.be/b08Wh},
  doi           = {10.1038/s41592-019-0686-2}
}

@software{scikit-learn_10034229,
  author        = {Olivier Grisel and Andreas Mueller and Lars and Alexandre Gramfort and Gilles Louppe and Thomas J. Fan and Peter Prettenhofer and Mathieu Blondel and Vlad Niculae and Joel Nothman and Arnaud Joly and Guillaume Lemaitre and Lo\"{\i}c Est\`{e}ve and Jake Vanderplas and J\'{e}r\'{e}mie du Boisberranger and manoj kumar and Hanmin Qin and Nicolas Hug and Nelle Varoquaux and Robert Layton and Adrin Jalali and Jan Hendrik Metzen and (Venkat) Raghav, Rajagopalan and Johannes Sch\"{o}nberger and Roman Yurchak and Julien Jerphanion and Tom Dupr\'{e} la Tour and Wei Li and Lucy Liu and Chiara Marmo},
  title         = {scikit-learn/scikit-learn: Scikit-learn 1.3.2},
  month         = oct,
  year          = 2023,
  publisher     = {Zenodo},
  version       = {1.3.2},
  doi           = {10.5281/zenodo.10034229},
  url           = {https://doi.org/10.5281/zenodo.10034229}
}

@article{scikit-learn,
  title         = {Scikit-learn: Machine Learning in {P}ython},
  author        = {Pedregosa, F. and Varoquaux, G. and Gramfort, A. and Michel, V. and Thirion, B. and Grisel, O. and Blondel, M. and Prettenhofer, P. and Weiss, R. and Dubourg, V. and Vanderplas, J. and Passos, A. and Cournapeau, D. and Brucher, M. and Perrot, M. and Duchesnay, E.},
  journal       = {Journal of Machine Learning Research},
  volume        = {12},
  pages         = {2825--2830},
  year          = {2011}
}

@inproceedings{sklearn_api,
  author        = {Lars Buitinck and Gilles Louppe and Mathieu Blondel and Fabian Pedregosa and Andreas Mueller and Olivier Grisel and Vlad Niculae and Peter Prettenhofer and Alexandre Gramfort and Jaques Grobler and Robert Layton and Jake VanderPlas and Arnaud Joly and Brian Holt and Ga{\"{e}}l Varoquaux},
  title         = {{API} design for machine learning software: experiences from the scikit-learn project},
  booktitle     = {ECML PKDD Workshop: Languages for Data Mining and Machine Learning},
  year          = {2013},
  pages         = {108--122}
}

@article{software-citation-station-paper,
  author        = {{Wagg}, Tom and {Broekgaarden}, Floor S.},
  title         = "{Streamlining and standardizing software citations with The Software Citation Station}",
  journal       = {arXiv e-prints},
  keywords      = {Astrophysics - Instrumentation and Methods for Astrophysics, Computer Science - Digital Libraries},
  year          = 2024,
  month         = jun,
  eid           = {arXiv:2406.04405},
  pages         = {arXiv:2406.04405},
  archiveprefix = {arXiv},
  eprint        = {2406.04405},
  primaryclass  = {astro-ph.IM},
  adsurl        = {https://ui.adsabs.harvard.edu/abs/2024arXiv240604405W},
  adsnote       = {Provided by the SAO/NASA Astrophysics Data System}
}

@software{software-citation-station-zenodo,
  author        = {Tom Wagg and Floor Broekgaarden and Kayhan G\"{u}ltekin},
  title         = {TomWagg/software-citation-station: v1.2},
  month         = aug,
  year          = 2024,
  publisher     = {Zenodo},
  version       = {v1.2},
  doi           = {10.5281/zenodo.13225824},
  url           = {https://doi.org/10.5281/zenodo.13225824}
}
