% this bib file contains my publications not included in others (especially the coordinated DESI file)
% To avoid editing combined_refs_cleaned.bib

@ARTICLE{clumping21,
       author = {{Rashkovetskyi}, Michael and {Mu{\~n}oz}, Julian B. and {Eisenstein}, Daniel J. and {Dvorkin}, Cora},
        title = "{Small-scale clumping at recombination and the Hubble tension}",
      journal = {\prd},
     keywords = {Astrophysics - Cosmology and Nongalactic Astrophysics, High Energy Physics - Phenomenology},
         year = 2021,
        month = nov,
       volume = {104},
       number = {10},
          eid = {103517},
        pages = {103517},
          doi = {10.1103/PhysRevD.104.103517},
archivePrefix = {arXiv},
       eprint = {2108.02747},
 primaryClass = {astro-ph.CO},
       adsurl = {https://ui.adsabs.harvard.edu/abs/2021PhRvD.104j3517R},
      adsnote = {Provided by the SAO/NASA Astrophysics Data System}
}

@ARTICLE{tSZ-selection-DESI-LRGs,
       author = {{Rashkovetskyi}, Michael and {Eisenstein}, Daniel J. and others},
        title = "{Clustering of DESI Luminous Red Galaxies selected by thermal Sunyaev-Zeldovich effect detection level from ACT+Planck y map}",
         year = 2025,
      journal = {in preparation}
}

