% These references are specific to the introduction and conclusion
% To avoid editing combined_refs_cleaned.bib

@ARTICLE{Wicks-theorem,
       author = {{Wick}, G.~C.},
        title = "{The Evaluation of the Collision Matrix}",
      journal = {Physical Review},
         year = 1950,
        month = oct,
       volume = {80},
       number = {2},
        pages = {268-272},
          doi = {10.1103/PhysRev.80.268},
       adsurl = {https://ui.adsabs.harvard.edu/abs/1950PhRv...80..268W},
      adsnote = {Provided by the SAO/NASA Astrophysics Data System}
}

@ARTICLE{Leavitt-law,
       author = {{Leavitt}, Henrietta S. and {Pickering}, Edward C.},
        title = "{Periods of 25 Variable Stars in the Small Magellanic Cloud.}",
      journal = {Harvard College Observatory Circular},
         year = 1912,
        month = mar,
       volume = {173},
        pages = {1-3},
       adsurl = {https://ui.adsabs.harvard.edu/abs/1912HarCi.173....1L},
      adsnote = {Provided by the SAO/NASA Astrophysics Data System}
}

@ARTICLE{Slipher-extragalactic-radial-velocities,
       author = {{Slipher}, V.~M.},
        title = "{Nebulae}",
      journal = {Proceedings of the American Philosophical Society},
         year = 1917,
        month = jan,
       volume = {56},
        pages = {403-409},
       adsurl = {https://ui.adsabs.harvard.edu/abs/1917PAPhS..56..403S},
      adsnote = {Provided by the SAO/NASA Astrophysics Data System}
}

@ARTICLE{Hubble-extragalactic-distances,
       author = {{Hubble}, E.~P.},
        title = "{Extragalactic nebulae.}",
      journal = {\apj},
         year = 1926,
        month = dec,
       volume = {64},
        pages = {321-369},
          doi = {10.1086/143018},
       adsurl = {https://ui.adsabs.harvard.edu/abs/1926ApJ....64..321H},
      adsnote = {Provided by the SAO/NASA Astrophysics Data System}
}

@ARTICLE{Hubbles-law,
       author = {{Hubble}, Edwin},
        title = "{A Relation between Distance and Radial Velocity among Extra-Galactic Nebulae}",
      journal = {Proceedings of the National Academy of Science},
         year = 1929,
        month = mar,
       volume = {15},
       number = {3},
        pages = {168-173},
          doi = {10.1073/pnas.15.3.168},
       adsurl = {https://ui.adsabs.harvard.edu/abs/1929PNAS...15..168H},
      adsnote = {Provided by the SAO/NASA Astrophysics Data System}
}

@ARTICLE{2PCF-estimator-comparison-Kerscher,
       author = {{Kerscher}, Martin and {Szapudi}, Istv{\'a}n and {Szalay}, Alexander S.},
        title = "{A Comparison of Estimators for the Two-Point Correlation Function}",
      journal = {\apjl},
     keywords = {Galaxies: Clusters: General, Methods: Statistical, Astrophysics},
         year = 2000,
        month = may,
       volume = {535},
       number = {1},
        pages = {L13-L16},
          doi = {10.1086/312702},
archivePrefix = {arXiv},
       eprint = {astro-ph/9912088},
 primaryClass = {astro-ph},
       adsurl = {https://ui.adsabs.harvard.edu/abs/2000ApJ...535L..13K},
      adsnote = {Provided by the SAO/NASA Astrophysics Data System}
}

@ARTICLE{CCHP-status-report-Freedman,
       author = {{Freedman}, Wendy L. and {Madore}, Barry F. and {Jang}, In Sung and {Hoyt}, Taylor J. and {Lee}, Abigail J. and {Owens}, Kayla A.},
        title = "{Status Report on the Chicago-Carnegie Hubble Program (CCHP): Measurement of the Hubble Constant Using the Hubble and James Webb Space Telescopes}",
      journal = {arXiv e-prints},
     keywords = {Astrophysics - Cosmology and Nongalactic Astrophysics},
         year = 2024,
        month = aug,
          eid = {arXiv:2408.06153},
        pages = {arXiv:2408.06153},
          doi = {10.48550/arXiv.2408.06153},
archivePrefix = {arXiv},
       eprint = {2408.06153},
 primaryClass = {astro-ph.CO},
       adsurl = {https://ui.adsabs.harvard.edu/abs/2024arXiv240806153F},
      adsnote = {Provided by the SAO/NASA Astrophysics Data System}
}

@ARTICLE{SH0ES-2022,
       author = {{Riess}, Adam G. and {Yuan}, Wenlong and {Macri}, Lucas M. and {Scolnic}, Dan and {Brout}, Dillon and {Casertano}, Stefano and {Jones}, David O. and {Murakami}, Yukei and {Anand}, Gagandeep S. and {Breuval}, Louise and {Brink}, Thomas G. and {Filippenko}, Alexei V. and {Hoffmann}, Samantha and {Jha}, Saurabh W. and {D'arcy Kenworthy}, W. and {Mackenty}, John and {Stahl}, Benjamin E. and {Zheng}, WeiKang},
        title = "{A Comprehensive Measurement of the Local Value of the Hubble Constant with 1 km s$^{-1}$ Mpc$^{-1}$ Uncertainty from the Hubble Space Telescope and the SH0ES Team}",
      journal = {\apjl},
     keywords = {Hubble constant, 758, Astrophysics - Cosmology and Nongalactic Astrophysics},
         year = 2022,
        month = jul,
       volume = {934},
       number = {1},
          eid = {L7},
        pages = {L7},
          doi = {10.3847/2041-8213/ac5c5b},
archivePrefix = {arXiv},
       eprint = {2112.04510},
 primaryClass = {astro-ph.CO},
       adsurl = {https://ui.adsabs.harvard.edu/abs/2022ApJ...934L...7R},
      adsnote = {Provided by the SAO/NASA Astrophysics Data System}
}

@ARTICLE{Peebles-Yu-1970,
       author = {{Peebles}, P.~J.~E. and {Yu}, J.~T.},
        title = "{Primeval Adiabatic Perturbation in an Expanding Universe}",
      journal = {\apj},
         year = 1970,
        month = dec,
       volume = {162},
        pages = {815},
          doi = {10.1086/150713},
       adsurl = {https://ui.adsabs.harvard.edu/abs/1970ApJ...162..815P},
      adsnote = {Provided by the SAO/NASA Astrophysics Data System}
}

@ARTICLE{Planck18-PNG,
       author = {{Planck Collaboration} and {Akrami}, Y. and {Arroja}, F. and {Ashdown}, M. and {Aumont}, J. and {Baccigalupi}, C. and {Ballardini}, M. and {Banday}, A.~J. and {Barreiro}, R.~B. and {Bartolo}, N. and {Basak}, S. and {Benabed}, K. and {Bernard}, J. -P. and {Bersanelli}, M. and {Bielewicz}, P. and {Bond}, J.~R. and {Borrill}, J. and {Bouchet}, F.~R. and {Bucher}, M. and {Burigana}, C. and {Butler}, R.~C. and {Calabrese}, E. and {Cardoso}, J. -F. and {Casaponsa}, B. and {Challinor}, A. and {Chiang}, H.~C. and {Colombo}, L.~P.~L. and {Combet}, C. and {Crill}, B.~P. and {Cuttaia}, F. and {de Bernardis}, P. and {de Rosa}, A. and {de Zotti}, G. and {Delabrouille}, J. and {Delouis}, J. -M. and {Di Valentino}, E. and {Diego}, J.~M. and {Dor{\'e}}, O. and {Douspis}, M. and {Ducout}, A. and {Dupac}, X. and {Dusini}, S. and {Efstathiou}, G. and {Elsner}, F. and {En{\ss}lin}, T.~A. and {Eriksen}, H.~K. and {Fantaye}, Y. and {Fergusson}, J. and {Fernandez-Cobos}, R. and {Finelli}, F. and {Frailis}, M. and {Fraisse}, A.~A. and {Franceschi}, E. and {Frolov}, A. and {Galeotta}, S. and {Galli}, S. and {Ganga}, K. and {G{\'e}nova-Santos}, R.~T. and {Gerbino}, M. and {Gonz{\'a}lez-Nuevo}, J. and {G{\'o}rski}, K.~M. and {Gratton}, S. and {Gruppuso}, A. and {Gudmundsson}, J.~E. and {Hamann}, J. and {Handley}, W. and {Hansen}, F.~K. and {Herranz}, D. and {Hivon}, E. and {Huang}, Z. and {Jaffe}, A.~H. and {Jones}, W.~C. and {Jung}, G. and {Keih{\"a}nen}, E. and {Keskitalo}, R. and {Kiiveri}, K. and {Kim}, J. and {Krachmalnicoff}, N. and {Kunz}, M. and {Kurki-Suonio}, H. and {Lamarre}, J. -M. and {Lasenby}, A. and {Lattanzi}, M. and {Lawrence}, C.~R. and {Le Jeune}, M. and {Levrier}, F. and {Lewis}, A. and {Liguori}, M. and {Lilje}, P.~B. and {Lindholm}, V. and {L{\'o}pez-Caniego}, M. and {Ma}, Y. -Z. and {Mac{\'\i}as-P{\'e}rez}, J.~F. and {Maggio}, G. and {Maino}, D. and {Mandolesi}, N. and {Marcos-Caballero}, A. and {Maris}, M. and {Martin}, P.~G. and {Mart{\'\i}nez-Gonz{\'a}lez}, E. and {Matarrese}, S. and {Mauri}, N. and {McEwen}, J.~D. and {Meerburg}, P.~D. and {Meinhold}, P.~R. and {Melchiorri}, A. and {Mennella}, A. and {Migliaccio}, M. and {Miville-Desch{\^e}nes}, M. -A. and {Molinari}, D. and {Moneti}, A. and {Montier}, L. and {Morgante}, G. and {Moss}, A. and {M{\"u}nchmeyer}, M. and {Natoli}, P. and {Oppizzi}, F. and {Pagano}, L. and {Paoletti}, D. and {Partridge}, B. and {Patanchon}, G. and {Perrotta}, F. and {Pettorino}, V. and {Piacentini}, F. and {Polenta}, G. and {Puget}, J. -L. and {Rachen}, J.~P. and {Racine}, B. and {Reinecke}, M. and {Remazeilles}, M. and {Renzi}, A. and {Rocha}, G. and {Rubi{\~n}o-Mart{\'\i}n}, J.~A. and {Ruiz-Granados}, B. and {Salvati}, L. and {Savelainen}, M. and {Scott}, D. and {Shellard}, E.~P.~S. and {Shiraishi}, M. and {Sirignano}, C. and {Sirri}, G. and {Smith}, K. and {Spencer}, L.~D. and {Stanco}, L. and {Sunyaev}, R. and {Suur-Uski}, A. -S. and {Tauber}, J.~A. and {Tavagnacco}, D. and {Tenti}, M. and {Toffolatti}, L. and {Tomasi}, M. and {Trombetti}, T. and {Valiviita}, J. and {Van Tent}, B. and {Vielva}, P. and {Villa}, F. and {Vittorio}, N. and {Wandelt}, B.~D. and {Wehus}, I.~K. and {Zacchei}, A. and {Zonca}, A.},
        title = "{Planck 2018 results. IX. Constraints on primordial non-Gaussianity}",
      journal = {\aap},
     keywords = {cosmic background radiation, cosmology: observations, cosmology: theory, early Universe, inflation, methods: data analysis, Astrophysics - Cosmology and Nongalactic Astrophysics, General Relativity and Quantum Cosmology, High Energy Physics - Phenomenology, High Energy Physics - Theory},
         year = 2020,
        month = sep,
       volume = {641},
          eid = {A9},
        pages = {A9},
          doi = {10.1051/0004-6361/201935891},
archivePrefix = {arXiv},
       eprint = {1905.05697},
 primaryClass = {astro-ph.CO},
       adsurl = {https://ui.adsabs.harvard.edu/abs/2020A&A...641A...9P},
      adsnote = {Provided by the SAO/NASA Astrophysics Data System}
}

@ARTICLE{local-PNG-DESI-LRG-photometric,
       author = {{Rezaie}, Mehdi and {Ross}, Ashley J. and {Seo}, Hee-Jong and {Kong}, Hui and {Porredon}, Anna and {Samushia}, Lado and {Chaussidon}, Edmond and {Krolewski}, Alex and {de Mattia}, Arnaud and {Beutler}, Florian and {Aguilar}, Jessica Nicole and {Ahlen}, Steven and {Alam}, Shadab and {Avila}, Santiago and {Bahr-Kalus}, Benedict and {Bermejo-Climent}, Jose and {Brooks}, David and {Claybaugh}, Todd and {Cole}, Shaun and {Dawson}, Kyle and {de la Macorra}, Axel and {Doel}, Peter and {Font-Ribera}, Andreu and {Forero-Romero}, Jaime E. and {Gontcho}, Satya Gontcho A. and {Guy}, Julien and {Honscheid}, Klaus and {Huterer}, Dragan and {Kisner}, Theodore and {Landriau}, Martin and {Levi}, Michael and {Manera}, Marc and {Meisner}, Aaron and {Miquel}, Ramon and {Mueller}, Eva-Maria and {Myers}, Adam and {Newman}, Jeffrey A. and {Nie}, Jundan and {Palanque-Delabrouille}, Nathalie and {Percival}, Will and {Poppett}, Claire and {Rossi}, Graziano and {Sanchez}, Eusebio and {Schubnell}, Michael and {Tarl{\'e}}, Gregory and {Weaver}, Benjamin Alan and {Y{\`e}che}, Christophe and {Zhou}, Zhimin and {Zou}, Hu},
        title = "{Local primordial non-Gaussianity from the large-scale clustering of photometric DESI luminous red galaxies}",
      journal = {\mnras},
     keywords = {Astrophysics - Cosmology and Nongalactic Astrophysics, Computer Science - Machine Learning, Physics - Computational Physics, Physics - Data Analysis, Statistics and Probability},
         year = 2024,
        month = aug,
       volume = {532},
       number = {2},
        pages = {1902-1928},
          doi = {10.1093/mnras/stae886},
archivePrefix = {arXiv},
       eprint = {2307.01753},
 primaryClass = {astro-ph.CO},
       adsurl = {https://ui.adsabs.harvard.edu/abs/2024MNRAS.532.1902R},
      adsnote = {Provided by the SAO/NASA Astrophysics Data System}
}

@ARTICLE{Euclid-overview,
       author = {{Euclid Collaboration} and {Mellier}, Y. and {Abdurro'uf} and {Acevedo Barroso}, J.~A. and {Ach{\'u}carro}, A. and {Adamek}, J. and {Adam}, R. and {Addison}, G.~E. and {Aghanim}, N. and {Aguena}, M. and {Ajani}, V. and {Akrami}, Y. and {Al-Bahlawan}, A. and {Alavi}, A. and {Albuquerque}, I.~S. and {Alestas}, G. and {Alguero}, G. and {Allaoui}, A. and {Allen}, S.~W. and {Allevato}, V. and {Alonso-Tetilla}, A.~V. and {Altieri}, B. and {Alvarez-Candal}, A. and {Alvi}, S. and {Amara}, A. and {Amendola}, L. and {Amiaux}, J. and {Andika}, I.~T. and {Andreon}, S. and {Andrews}, A. and {Angora}, G. and {Angulo}, R.~E. and {Annibali}, F. and {Anselmi}, A. and {Anselmi}, S. and {Arcari}, S. and {Archidiacono}, M. and {Aric{\`o}}, G. and {Arnaud}, M. and {Arnouts}, S. and {Asgari}, M. and {Asorey}, J. and {Atayde}, L. and {Atek}, H. and {Atrio-Barandela}, F. and {Aubert}, M. and {Aubourg}, E. and {Auphan}, T. and {Auricchio}, N. and {Aussel}, B. and {Aussel}, H. and {Avelino}, P.~P. and {Avgoustidis}, A. and {Avila}, S. and {Awan}, S. and {Azzollini}, R. and {Baccigalupi}, C. and {Bachelet}, E. and {Bacon}, D. and {Baes}, M. and {Bagley}, M.~B. and {Bahr-Kalus}, B. and {Balaguera-Antolinez}, A. and {Balbinot}, E. and {Balcells}, M. and {Baldi}, M. and {Baldry}, I. and {Balestra}, A. and {Ballardini}, M. and {Ballester}, O. and {Balogh}, M. and {Ba{\~n}ados}, E. and {Barbier}, R. and {Bardelli}, S. and {Baron}, M. and {Barreiro}, T. and {Barrena}, R. and {Barriere}, J. -C. and {Barros}, B.~J. and {Barthelemy}, A. and {Bartolo}, N. and {Basset}, A. and {Battaglia}, P. and {Battisti}, A.~J. and {Baugh}, C.~M. and {Baumont}, L. and {Bazzanini}, L. and {Beaulieu}, J. -P. and {Beckmann}, V. and {Belikov}, A.~N. and {Bel}, J. and {Bellagamba}, F. and {Bella}, M. and {Bellini}, E. and {Benabed}, K. and {Bender}, R. and {Benevento}, G. and {Bennett}, C.~L. and {Benson}, K. and {Bergamini}, P. and {Bermejo-Climent}, J.~R. and {Bernardeau}, F. and {Bertacca}, D. and {Berthe}, M. and {Berthier}, J. and {Bethermin}, M. and {Beutler}, F. and {Bevillon}, C. and {Bhargava}, S. and {Bhatawdekar}, R. and {Bianchi}, D. and {Bisigello}, L. and {Biviano}, A. and {Blake}, R.~P. and {Blanchard}, A. and {Blazek}, J. and {Blot}, L. and {Bosco}, A. and {Bodendorf}, C. and {Boenke}, T. and {B{\"o}hringer}, H. and {Boldrini}, P. and {Bolzonella}, M. and {Bonchi}, A. and {Bonici}, M. and {Bonino}, D. and {Bonino}, L. and {Bonvin}, C. and {Bon}, W. and {Booth}, J.~T. and {Borgani}, S. and {Borlaff}, A.~S. and {Borsato}, E. and {Bosco}, A. and {Bose}, B. and {Botticella}, M.~T. and {Boucaud}, A. and {Bouche}, F. and {Boucher}, J.~S. and {Boutigny}, D. and {Bouvard}, T. and {Bouwens}, R. and {Bouy}, H. and {Bowler}, R.~A.~A. and {Bozza}, V. and {Bozzo}, E. and {Branchini}, E. and {Brando}, G. and {Brau-Nogue}, S. and {Brekke}, P. and {Bremer}, M.~N. and {Brescia}, M. and {Breton}, M. -A. and {Brinchmann}, J. and {Brinckmann}, T. and {Brockley-Blatt}, C. and {Brodwin}, M. and {Brouard}, L. and {Brown}, M.~L. and {Bruton}, S. and {Bucko}, J. and {Buddelmeijer}, H. and {Buenadicha}, G. and {Buitrago}, F. and {Burger}, P. and {Burigana}, C. and {Busillo}, V. and {Busonero}, D. and {Cabanac}, R. and {Cabayol-Garcia}, L. and {Cagliari}, M.~S. and {Caillat}, A. and {Caillat}, L. and {Calabrese}, M. and {Calabro}, A. and {Calderone}, G. and {Calura}, F. and {Camacho Quevedo}, B. and {Camera}, S. and {Campos}, L. and {Canas-Herrera}, G. and {Candini}, G.~P. and {Cantiello}, M. and {Capobianco}, V. and {Cappellaro}, E. and {Cappelluti}, N. and {Cappi}, A. and {Caputi}, K.~I. and {Cara}, C. and {Carbone}, C. and {Cardone}, V.~F. and {Carella}, E. and {Carlberg}, R.~G. and {Carle}, M. and {Carminati}, L. and {Caro}, F. and {Carrasco}, J.~M. and {Carretero}, J. and {Carrilho}, P. and {Carron Duque}, J.},
        title = "{Euclid. I. Overview of the Euclid mission}",
      journal = {arXiv e-prints},
     keywords = {Astrophysics - Cosmology and Nongalactic Astrophysics, Astrophysics - Astrophysics of Galaxies, Astrophysics - Instrumentation and Methods for Astrophysics},
         year = 2024,
        month = may,
          eid = {arXiv:2405.13491},
        pages = {arXiv:2405.13491},
          doi = {10.48550/arXiv.2405.13491},
archivePrefix = {arXiv},
       eprint = {2405.13491},
 primaryClass = {astro-ph.CO},
       adsurl = {https://ui.adsabs.harvard.edu/abs/2024arXiv240513491E},
      adsnote = {Provided by the SAO/NASA Astrophysics Data System}
}

@ARTICLE{WFIRST-2019,
       author = {{Akeson}, Rachel and {Armus}, Lee and {Bachelet}, Etienne and {Bailey}, Vanessa and {Bartusek}, Lisa and {Bellini}, Andrea and {Benford}, Dominic and {Bennett}, David and {Bhattacharya}, Aparna and {Bohlin}, Ralph and {Boyer}, Martha and {Bozza}, Valerio and {Bryden}, Geoffrey and {Calchi Novati}, Sebastiano and {Carpenter}, Kenneth and {Casertano}, Stefano and {Choi}, Ami and {Content}, David and {Dayal}, Pratika and {Dressler}, Alan and {Dor{\'e}}, Olivier and {Fall}, S. Michael and {Fan}, Xiaohui and {Fang}, Xiao and {Filippenko}, Alexei and {Finkelstein}, Steven and {Foley}, Ryan and {Furlanetto}, Steven and {Kalirai}, Jason and {Gaudi}, B. Scott and {Gilbert}, Karoline and {Girard}, Julien and {Grady}, Kevin and {Greene}, Jenny and {Guhathakurta}, Puragra and {Heinrich}, Chen and {Hemmati}, Shoubaneh and {Hendel}, David and {Henderson}, Calen and {Henning}, Thomas and {Hirata}, Christopher and {Ho}, Shirley and {Huff}, Eric and {Hutter}, Anne and {Jansen}, Rolf and {Jha}, Saurabh and {Johnson}, Samson and {Jones}, David and {Kasdin}, Jeremy and {Kelly}, Patrick and {Kirshner}, Robert and {Koekemoer}, Anton and {Kruk}, Jeffrey and {Lewis}, Nikole and {Macintosh}, Bruce and {Madau}, Piero and {Malhotra}, Sangeeta and {Mandel}, Kaisey and {Massara}, Elena and {Masters}, Daniel and {McEnery}, Julie and {McQuinn}, Kristen and {Melchior}, Peter and {Melton}, Mark and {Mennesson}, Bertrand and {Peeples}, Molly and {Penny}, Matthew and {Perlmutter}, Saul and {Pisani}, Alice and {Plazas}, Andr{\'e}s and {Poleski}, Radek and {Postman}, Marc and {Ranc}, Cl{\'e}ment and {Rauscher}, Bernard and {Rest}, Armin and {Roberge}, Aki and {Robertson}, Brant and {Rodney}, Steven and {Rhoads}, James and {Rhodes}, Jason and {Ryan}, Jr., Russell and {Sahu}, Kailash and {Sand}, David and {Scolnic}, Dan and {Seth}, Anil and {Shvartzvald}, Yossi and {Siellez}, Karelle and {Smith}, Arfon and {Spergel}, David and {Stassun}, Keivan and {Street}, Rachel and {Strolger}, Louis-Gregory and {Szalay}, Alexander and {Trauger}, John and {Troxel}, M.~A. and {Turnbull}, Margaret and {van der Marel}, Roeland and {von der Linden}, Anja and {Wang}, Yun and {Weinberg}, David and {Williams}, Benjamin and {Windhorst}, Rogier and {Wollack}, Edward and {Wu}, Hao-Yi and {Yee}, Jennifer and {Zimmerman}, Neil},
        title = "{The Wide Field Infrared Survey Telescope: 100 Hubbles for the 2020s}",
      journal = {arXiv e-prints},
     keywords = {Astrophysics - Instrumentation and Methods for Astrophysics, Astrophysics - Astrophysics of Galaxies},
         year = 2019,
        month = feb,
          eid = {arXiv:1902.05569},
        pages = {arXiv:1902.05569},
          doi = {10.48550/arXiv.1902.05569},
archivePrefix = {arXiv},
       eprint = {1902.05569},
 primaryClass = {astro-ph.IM},
       adsurl = {https://ui.adsabs.harvard.edu/abs/2019arXiv190205569A},
      adsnote = {Provided by the SAO/NASA Astrophysics Data System}
}

@ARTICLE{HIPSTER-cov,
       author = {{Philcox}, Oliver H.~E. and {Eisenstein}, Daniel J.},
        title = "{Computing the small-scale galaxy power spectrum and bispectrum in configuration space}",
      journal = {\mnras},
     keywords = {methods: numerical, methods: statistical, galaxies: statistics, large-scale structure of Universe, cosmology: theory, Astrophysics - Cosmology and Nongalactic Astrophysics, Astrophysics - Instrumentation and Methods for Astrophysics},
         year = 2020,
        month = feb,
       volume = {492},
       number = {1},
        pages = {1214-1242},
          doi = {10.1093/mnras/stz3335},
archivePrefix = {arXiv},
       eprint = {1912.01010},
 primaryClass = {astro-ph.CO},
       adsurl = {https://ui.adsabs.harvard.edu/abs/2020MNRAS.492.1214P},
      adsnote = {Provided by the SAO/NASA Astrophysics Data System}
}

@ARTICLE{distribution-of-galaxies-Shapley1933,
       author = {{Shapley}, Harlow},
        title = "{On the Distribution of Galaxies}",
      journal = {Proceedings of the National Academy of Science},
         year = 1933,
        month = apr,
       volume = {19},
       number = {4},
        pages = {389-393},
          doi = {10.1073/pnas.19.4.389},
       adsurl = {https://ui.adsabs.harvard.edu/abs/1933PNAS...19..389S},
      adsnote = {Provided by the SAO/NASA Astrophysics Data System}
}

@ARTICLE{DES-Y3-redshift-calibration,
       author = {{Myles}, J. and {Alarcon}, A. and {Amon}, A. and {S{\'a}nchez}, C. and {Everett}, S. and {DeRose}, J. and {McCullough}, J. and {Gruen}, D. and {Bernstein}, G.~M. and {Troxel}, M.~A. and {Dodelson}, S. and {Campos}, A. and {MacCrann}, N. and {Yin}, B. and {Raveri}, M. and {Amara}, A. and {Becker}, M.~R. and {Choi}, A. and {Cordero}, J. and {Eckert}, K. and {Gatti}, M. and {Giannini}, G. and {Gschwend}, J. and {Gruendl}, R.~A. and {Harrison}, I. and {Hartley}, W.~G. and {Huff}, E.~M. and {Kuropatkin}, N. and {Lin}, H. and {Masters}, D. and {Miquel}, R. and {Prat}, J. and {Roodman}, A. and {Rykoff}, E.~S. and {Sevilla-Noarbe}, I. and {Sheldon}, E. and {Wechsler}, R.~H. and {Yanny}, B. and {Abbott}, T.~M.~C. and {Aguena}, M. and {Allam}, S. and {Annis}, J. and {Bacon}, D. and {Bertin}, E. and {Bhargava}, S. and {Bridle}, S.~L. and {Brooks}, D. and {Burke}, D.~L. and {Carnero Rosell}, A. and {Carrasco Kind}, M. and {Carretero}, J. and {Castander}, F.~J. and {Conselice}, C. and {Costanzi}, M. and {Crocce}, M. and {da Costa}, L.~N. and {Pereira}, M.~E.~S. and {Desai}, S. and {Diehl}, H.~T. and {Eifler}, T.~F. and {Elvin-Poole}, J. and {Evrard}, A.~E. and {Ferrero}, I. and {Fert{\'e}}, A. and {Flaugher}, B. and {Fosalba}, P. and {Frieman}, J. and {Garc{\'\i}a-Bellido}, J. and {Gaztanaga}, E. and {Giannantonio}, T. and {Hinton}, S.~R. and {Hollowood}, D.~L. and {Honscheid}, K. and {Hoyle}, B. and {Huterer}, D. and {James}, D.~J. and {Krause}, E. and {Kuehn}, K. and {Lahav}, O. and {Lima}, M. and {Maia}, M.~A.~G. and {Marshall}, J.~L. and {Martini}, P. and {Melchior}, P. and {Menanteau}, F. and {Mohr}, J.~J. and {Morgan}, R. and {Muir}, J. and {Ogando}, R.~L.~C. and {Palmese}, A. and {Paz-Chinch{\'o}n}, F. and {Plazas}, A.~A. and {Rodriguez-Monroy}, M. and {Samuroff}, S. and {Sanchez}, E. and {Scarpine}, V. and {Secco}, L.~F. and {Serrano}, S. and {Smith}, M. and {Soares-Santos}, M. and {Suchyta}, E. and {Swanson}, M.~E.~C. and {Tarle}, G. and {Thomas}, D. and {To}, C. and {Varga}, T.~N. and {Weller}, J. and {Wester}, W.},
        title = "{Dark Energy Survey Year 3 results: redshift calibration of the weak lensing source galaxies}",
      journal = {\mnras},
     keywords = {gravitational lensing: weak, galaxies: distances and redshifts, dark energy, Astrophysics - Cosmology and Nongalactic Astrophysics},
         year = 2021,
        month = aug,
       volume = {505},
       number = {3},
        pages = {4249-4277},
          doi = {10.1093/mnras/stab1515},
archivePrefix = {arXiv},
       eprint = {2012.08566},
 primaryClass = {astro-ph.CO},
       adsurl = {https://ui.adsabs.harvard.edu/abs/2021MNRAS.505.4249M},
      adsnote = {Provided by the SAO/NASA Astrophysics Data System}
}

@ARTICLE{photo-z-Dey2021,
       author = {{Dey}, Biprateep and {Newman}, Jeffrey A. and {Andrews}, Brett H. and {Izbicki}, Rafael and {Lee}, Ann B. and {Zhao}, David and {Rau}, Markus Michael and {Malz}, Alex I.},
        title = "{Re-calibrating Photometric Redshift Probability Distributions Using Feature-space Regression}",
      journal = {arXiv e-prints},
     keywords = {Astrophysics - Instrumentation and Methods for Astrophysics, Computer Science - Machine Learning, Statistics - Methodology, Statistics - Machine Learning},
         year = 2021,
        month = oct,
          eid = {arXiv:2110.15209},
        pages = {arXiv:2110.15209},
          doi = {10.48550/arXiv.2110.15209},
archivePrefix = {arXiv},
       eprint = {2110.15209},
 primaryClass = {astro-ph.IM},
       adsurl = {https://ui.adsabs.harvard.edu/abs/2021arXiv211015209D},
      adsnote = {Provided by the SAO/NASA Astrophysics Data System}
}

@ARTICLE{photo-z-Dey2022,
       author = {{Dey}, Biprateep and {Andrews}, Brett H. and {Newman}, Jeffrey A. and {Mao}, Yao-Yuan and {Rau}, Markus Michael and {Zhou}, Rongpu},
        title = "{Photometric redshifts from SDSS images with an interpretable deep capsule network}",
      journal = {\mnras},
     keywords = {methods: data analysis, methods: statistical, galaxies: distances and redshifts, Astrophysics - Instrumentation and Methods for Astrophysics},
         year = 2022,
        month = oct,
       volume = {515},
       number = {4},
        pages = {5285-5305},
          doi = {10.1093/mnras/stac2105},
archivePrefix = {arXiv},
       eprint = {2112.03939},
 primaryClass = {astro-ph.IM},
       adsurl = {https://ui.adsabs.harvard.edu/abs/2022MNRAS.515.5285D},
      adsnote = {Provided by the SAO/NASA Astrophysics Data System}
}

@ARTICLE{pypower-methodology,
       author = {{Hand}, Nick and {Li}, Yin and {Slepian}, Zachary and {Seljak}, Uro{\v{s}}},
        title = "{An optimal FFT-based anisotropic power spectrum estimator}",
      journal = {\jcap},
     keywords = {Astrophysics - Cosmology and Nongalactic Astrophysics},
         year = 2017,
        month = jul,
       volume = {2017},
       number = {7},
          eid = {002},
        pages = {002},
          doi = {10.1088/1475-7516/2017/07/002},
archivePrefix = {arXiv},
       eprint = {1704.02357},
 primaryClass = {astro-ph.CO},
       adsurl = {https://ui.adsabs.harvard.edu/abs/2017JCAP...07..002H},
      adsnote = {Provided by the SAO/NASA Astrophysics Data System}
}

% this is for RascalC
@ARTICLE{gaussian-covariances-galaxy-clustering,
       author = {{Grieb}, Jan Niklas and {S{\'a}nchez}, Ariel G. and {Salazar-Albornoz}, Salvador and {Dalla Vecchia}, Claudio},
        title = "{Gaussian covariance matrices for anisotropic galaxy clustering measurements}",
      journal = {\mnras},
     keywords = {methods: analytical, methods: statistical, cosmology: theory, large-scale structure of Universe, Astrophysics - Cosmology and Nongalactic Astrophysics},
         year = 2016,
        month = apr,
       volume = {457},
       number = {2},
        pages = {1577-1592},
          doi = {10.1093/mnras/stw065},
archivePrefix = {arXiv},
       eprint = {1509.04293},
 primaryClass = {astro-ph.CO},
       adsurl = {https://ui.adsabs.harvard.edu/abs/2016MNRAS.457.1577G},
      adsnote = {Provided by the SAO/NASA Astrophysics Data System}
}

% this is for small-scale clumping
@ARTICLE{clumping-Planck-ACT-SPT-Galli,
       author = {{Galli}, Silvia and {Pogosian}, Levon and {Jedamzik}, Karsten and {Balkenhol}, Lennart},
        title = "{Consistency of Planck, ACT, and SPT constraints on magnetically assisted recombination and forecasts for future experiments}",
      journal = {\prd},
     keywords = {Astrophysics - Cosmology and Nongalactic Astrophysics},
         year = 2022,
        month = jan,
       volume = {105},
       number = {2},
          eid = {023513},
        pages = {023513},
          doi = {10.1103/PhysRevD.105.023513},
archivePrefix = {arXiv},
       eprint = {2109.03816},
 primaryClass = {astro-ph.CO},
       adsurl = {https://ui.adsabs.harvard.edu/abs/2022PhRvD.105b3513G},
      adsnote = {Provided by the SAO/NASA Astrophysics Data System}
}

@ARTICLE{recombination-reconstruction-Lynch,
       author = {{Lynch}, Gabriel P. and {Knox}, Lloyd and {Chluba}, Jens},
        title = "{Reconstructing the recombination history by combining early and late cosmological probes}",
      journal = {\prd},
     keywords = {Cosmology, Astrophysics - Cosmology and Nongalactic Astrophysics},
         year = 2024,
        month = sep,
       volume = {110},
       number = {6},
          eid = {063518},
        pages = {063518},
          doi = {10.1103/PhysRevD.110.063518},
archivePrefix = {arXiv},
       eprint = {2404.05715},
 primaryClass = {astro-ph.CO},
       adsurl = {https://ui.adsabs.harvard.edu/abs/2024PhRvD.110f3518L},
      adsnote = {Provided by the SAO/NASA Astrophysics Data System}
}

@ARTICLE{modified-recombination-DESI-Hubble-tension-Lynch,
       author = {{Lynch}, Gabriel P. and {Knox}, Lloyd and {Chluba}, Jens},
        title = "{DESI observations and the Hubble tension in light of modified recombination}",
      journal = {\prd},
     keywords = {Cosmology, Astrophysics - Cosmology and Nongalactic Astrophysics},
         year = 2024,
        month = oct,
       volume = {110},
       number = {8},
          eid = {083538},
        pages = {083538},
          doi = {10.1103/PhysRevD.110.083538},
archivePrefix = {arXiv},
       eprint = {2406.10202},
 primaryClass = {astro-ph.CO},
       adsurl = {https://ui.adsabs.harvard.edu/abs/2024PhRvD.110h3538L},
      adsnote = {Provided by the SAO/NASA Astrophysics Data System}
}

@ARTICLE{modified-recombination-Hubble-tension-Mirpoorian,
       author = {{Mirpoorian}, Seyed Hamidreza and {Jedamzik}, Karsten and {Pogosian}, Levon},
        title = "{Modified recombination and the Hubble tension}",
      journal = {\prd},
     keywords = {Cosmology, Cosmology and Nongalactic Astrophysics},
         year = 2025,
        month = apr,
       volume = {111},
       number = {8},
          eid = {083519},
        pages = {083519},
          doi = {10.1103/PhysRevD.111.083519},
archivePrefix = {arXiv},
       eprint = {2411.16678},
 primaryClass = {astro-ph.CO},
       adsurl = {https://ui.adsabs.harvard.edu/abs/2025PhRvD.111h3519M},
      adsnote = {Provided by the SAO/NASA Astrophysics Data System}
}

@ARTICLE{PMF-clumping-Hubble-tension-2025,
       author = {{Jedamzik}, Karsten and {Pogosian}, Levon and {Abel}, Tom},
        title = "{Hints of Primordial Magnetic Fields at Recombination and Implications for the Hubble Tension}",
      journal = {arXiv e-prints},
     keywords = {Astrophysics - Cosmology and Nongalactic Astrophysics, Astrophysics - Astrophysics of Galaxies, Astrophysics - High Energy Astrophysical Phenomena},
         year = 2025,
        month = mar,
          eid = {arXiv:2503.09599},
        pages = {arXiv:2503.09599},
          doi = {10.48550/arXiv.2503.09599},
archivePrefix = {arXiv},
       eprint = {2503.09599},
 primaryClass = {astro-ph.CO},
       adsurl = {https://ui.adsabs.harvard.edu/abs/2025arXiv250309599J},
      adsnote = {Provided by the SAO/NASA Astrophysics Data System}
}

@ARTICLE{DESI-DR2-BAO-modified-recombination-Mirpoorian,
       author = {{Mirpoorian}, Seyed Hamidreza and {Jedamzik}, Karsten and {Pogosian}, Levon},
        title = "{Is Dynamical Dark Energy Necessary? DESI BAO and Modified Recombination}",
      journal = {arXiv e-prints},
     keywords = {Cosmology and Nongalactic Astrophysics},
         year = 2025,
        month = apr,
          eid = {arXiv:2504.15274},
        pages = {arXiv:2504.15274},
          doi = {10.48550/arXiv.2504.15274},
archivePrefix = {arXiv},
       eprint = {2504.15274},
 primaryClass = {astro-ph.CO},
       adsurl = {https://ui.adsabs.harvard.edu/abs/2025arXiv250415274H},
      adsnote = {Provided by the SAO/NASA Astrophysics Data System}
}

