% this bib file contains references added during the writing of this chapter of the thesis, so that they can be copied back into the paper draft
% references existing in the neighboring references.bib have been merged into combined_refs_cleaned.bib (and cleaned from duplicates with other papers)

@ARTICLE{Peebles-cosmic-virial-theorem,
       author = {{Peebles}, P.~J.~E.},
        title = "{A Cosmic Virial Theorem}",
      journal = {\apss},
     keywords = {Astronomical Models, Cosmology, Galactic Clusters, Mass Distribution, Statistical Analysis, Virial Theorem, Astronomical Catalogs, Correlation, Equations Of Motion, Frequency Distribution, Hubble Diagram, Isotropic Media, Red Shift, Spatial Distribution, Taylor Series, Velocity Distribution, Virgo Galactic Cluster, Astrophysics, Correlation Function, Mass Density, Sample Area, Systematic Program, Virial Theorem},
         year = 1976,
        month = nov,
       volume = {45},
       number = {1},
        pages = {3-19},
          doi = {10.1007/BF00642136},
       adsurl = {https://ui.adsabs.harvard.edu/abs/1976Ap&SS..45....3P},
      adsnote = {Provided by the SAO/NASA Astrophysics Data System}
}

@ARTICLE{fast-baryon-painting-Liu,
       author = {{Liu}, R. Henry and {Hadzhiyska}, Boryana and {Ferraro}, Simone and {Bose}, Sownak and {Hern{\'a}ndez-Aguayo}, C{\'e}sar},
        title = "{Fast Baryonic Field Painting for Sunyaev-Zel'dovich Analyses: Transfer Function vs. Hybrid Effective Field Theory}",
      journal = {arXiv e-prints},
     keywords = {Cosmology and Nongalactic Astrophysics},
         year = 2025,
        month = apr,
          eid = {arXiv:2504.11794},
        pages = {arXiv:2504.11794},
          doi = {10.48550/arXiv.2504.11794},
archivePrefix = {arXiv},
       eprint = {2504.11794},
 primaryClass = {astro-ph.CO},
       adsurl = {https://ui.adsabs.harvard.edu/abs/2025arXiv250411794L},
      adsnote = {Provided by the SAO/NASA Astrophysics Data System}
}

@ARTICLE{Sunyaev-Zeldovich-1972,
       author = {{Sunyaev}, R.~A. and {Zeldovich}, Ya. B.},
        title = "{The Observations of Relic Radiation as a Test of the Nature of X-Ray Radiation from the Clusters of Galaxies}",
      journal = {Comments on Astrophysics and Space Physics},
     keywords = {Cosmology, Microwave Background Radiation, Clusters of Galaxies, X-Ray Astronomy, Intergalactic Gas},
         year = 1972,
        month = nov,
       volume = {4},
        pages = {173},
       adsurl = {https://ui.adsabs.harvard.edu/abs/1972CoASP...4..173S},
      adsnote = {Provided by the SAO/NASA Astrophysics Data System}
}

@ARTICLE{SPT-SZ-clusters-2025,
       author = {{Kornoelje}, K. and {Bleem}, L.~E. and {Rykoff}, E.~S. and {Abbott}, T.~M.~C. and {Ade}, P.~A.~R. and {Aguena}, M. and {Alves}, O. and {Anderson}, A.~J. and {Andrade-Oliveira}, F. and {Ansarinejad}, B. and {Archipley}, M. and {Ashby}, M.~L.~N. and {Austermann}, J.~E. and {Bacon}, D. and {Balkenhol}, L. and {Beall}, J.~A. and {Benabed}, K. and {Bender}, A.~N. and {Benson}, B.~A. and {Bianchini}, F. and {Bocquet}, S. and {Bouchet}, F.~R. and {Brooks}, D. and {Burke}, D.~L. and {Calzadilla}, M. and {Camphuis}, E. and {Carlstrom}, J.~E. and {Carnero Rosell}, A. and {Carretero}, J. and {Chang}, C.~L. and {Chaubal}, P. and {Chiang}, H.~C. and {Chichura}, P.~M. and {Chokshi}, A. and {Chou}, T. -L. and {Citron}, R. and {Coerver}, A. and {Corbett Moran}, C. and {Costanzi}, M. and {Crawford}, T.~M. and {Crites}, A.~T. and {da Costa}, L.~N. and {Daley}, C. and {de Haan}, T. and {De Vicente}, J. and {Desai}, S. and {Dibert}, K.~R. and {Dobbs}, M.~A. and {Doel}, P. and {Doohan}, M. and {Doussot}, A. and {Dutcher}, D. and {Everett}, W. and {Everett}, S. and {Feng}, C. and {Ferguson}, K.~R. and {Ferrero}, I. and {Fichman}, K. and {Flaugher}, B. and {Floyd}, B. and {Foster}, A. and {Friedel}, D. and {Frieman}, J. and {Galli}, S. and {Gallicchio}, J. and {Gambrel}, A.~E. and {Garc'ia-Bellido}, J. and {Gardner}, R.~W. and {Gassis}, R. and {Gatti}, M. and {Ge}, F. and {George}, E.~M. and {Giannini}, G. and {Goeckner-Wald}, N. and {Grandis}, S. and {Gruen}, D. and {Gruendl}, R.~A. and {Gualtieri}, R. and {Guidi}, F. and {Mahler}, Guillaume and {Guns}, S. and {Gupta}, N. and {Gutierrez}, G. and {Halverson}, N.~W. and {Hinton}, S.~R. and {Hivon}, E. and {Holder}, G.~P. and {Hollowood}, D.~L. and {Holzapfel}, W.~L. and {Honscheid}, K. and {Hood}, J.~C. and {Hrubes}, J.~D. and {Hryciuk}, A. and {Huang}, N. and {Hubmayr}, J. and {Irwin}, K.~D. and {Mena-Fern\textbackslash'andez}, J. and {James}, D.~J. and {K\textbackslash'eruzor\textbackslash'e}, F. and {Khalife}, A.~R. and {Klein}, M. and {Knox}, L. and {Korman}, M. and {Kuehn}, K. and {Kuo}, C. -L. and {Lahav}, O. and {Lee}, A.~T. and {Lee}, S. and {Levy}, K. and {Li}, D. and {Lima}, M. and {Lowitz}, A.~E. and {Lowitz}, A. and {Lu}, C. and {Maniyar}, A. and {Marshal}, J.~L. and {Marshall}, J.~L. and {Martsen}, E.~S. and {Bayliss}, Matthew B. and {McDonald}, M. and {McMahon}, J.~J. and {Menanteau}, F. and {Millea}, M. and {Miquel}, R. and {Mohr}, J.~J. and {Montgomery}, J. and {Myles}, J. and {Nakato}, Y. and {Natoli}, T. and {Nibarger}, J.~P. and {Noble}, G.~I. and {Novosad}, V. and {Ogando}, R.~L.~C. and {Omori}, Y. and {Ouellette}, A. and {Padin}, S. and {Pan}, Z. and {Patil}, S. and {Pereira}, M.~E.~S. and {Phadke}, K.~A. and {Pieres}, A. and {Plazas Malag'on}, A.~A. and {Pollak}, A.~W. and {Prabhu}, K. and {Pryke}, C. and {Quan}, W. and {Raghunathan}, S. and {Rahimi}, M. and {Rahlin}, A. and {Reichardt}, C.~L. and {Rodr'iguez-Monroy}, M. and {Romer}, A.~K. and {Rouble}, M. and {Ruhl}, J.~E. and {Saliwanchik}, B.~R. and {Salvati}, L. and {Samuroff}, S. and {Sanchez}, E. and {Saro}, A. and {Schaffer}, K.~K. and {Schiappucci}, E. and {Schrabback}, T. and {Sevilla-Noarbe}, I. and {Sievers}, C. and {Smecher}, G. and {Smith}, M. and {Sobrin}, J.~A. and {Somboonpanyakul}, T. and {Stalder}, B. and {Stark}, A.~A. and {Suchyta}, E. and {Swanson}, M.~E.~C. and {Tandoi}, C. and {Tarle}, G. and {Thorne}, B. and {To}, C. and {Trendafilova}, C. and {Tucker}, C. and {Umilta}, C. and {Veach}, T. and {Vieira}, J.~D. and {Vincenzi}, M. and {Vitrier}, A. and {Wan}, Y. and {Wang}, G. and {Weaverdyck}, N. and {Weller}, J. and {Whitehorn}, N. and {Wiseman}, P. and {Wu}, W.~L.~K. and {Yefremenko}, V. and {Young}, M.~R. and {Zebrowski}, J.~A. and {Zhang}, Y.},
        title = "{The SPT-Deep Cluster Catalog: Sunyaev-Zel'dovich Selected Clusters from Combined SPT-3G and SPTpol Measurements over 100 Square Degrees}",
      journal = {arXiv e-prints},
     keywords = {Cosmology and Nongalactic Astrophysics, Astrophysics of Galaxies},
         year = 2025,
        month = mar,
          eid = {arXiv:2503.17271},
        pages = {arXiv:2503.17271},
          doi = {10.48550/arXiv.2503.17271},
archivePrefix = {arXiv},
       eprint = {2503.17271},
 primaryClass = {astro-ph.CO},
       adsurl = {https://ui.adsabs.harvard.edu/abs/2025arXiv250317271K},
      adsnote = {Provided by the SAO/NASA Astrophysics Data System}
}

@ARTICLE{removing-FoG,
       author = {{Baleato Lizancos}, Ant{\'o}n and {Seljak}, Uro{\v{s}} and {Karamanis}, Minas and {Bonici}, Marco and {Ferraro}, Simone},
        title = "{Selecting samples of galaxies with fewer Fingers-of-God}",
      journal = {arXiv e-prints},
     keywords = {Astrophysics - Cosmology and Nongalactic Astrophysics},
         year = 2025,
        month = jan,
          eid = {arXiv:2501.10587},
        pages = {arXiv:2501.10587},
          doi = {10.48550/arXiv.2501.10587},
archivePrefix = {arXiv},
       eprint = {2501.10587},
 primaryClass = {astro-ph.CO},
       adsurl = {https://ui.adsabs.harvard.edu/abs/2025arXiv250110587B},
      adsnote = {Provided by the SAO/NASA Astrophysics Data System}
}

@ARTICLE{ACT-design,
       author = {{Fowler}, J.~W. and {Niemack}, M.~D. and {Dicker}, S.~R. and {Aboobaker}, A.~M. and {Ade}, P.~A.~R. and {Battistelli}, E.~S. and {Devlin}, M.~J. and {Fisher}, R.~P. and {Halpern}, M. and {Hargrave}, P.~C. and {Hincks}, A.~D. and {Kaul}, M. and {Klein}, J. and {Lau}, J.~M. and {Limon}, M. and {Marriage}, T.~A. and {Mauskopf}, P.~D. and {Page}, L. and {Staggs}, S.~T. and {Swetz}, D.~S. and {Switzer}, E.~R. and {Thornton}, R.~J. and {Tucker}, C.~E.},
        title = "{Optical design of the Atacama Cosmology Telescope and the Millimeter Bolometric Array Camera}",
      journal = {\ao},
     keywords = {Arrays, Lens system design, Astronomical optics, Astrophysics},
         year = 2007,
        month = jun,
       volume = {46},
       number = {17},
        pages = {3444-3454},
          doi = {10.1364/AO.46.003444},
archivePrefix = {arXiv},
       eprint = {astro-ph/0701020},
 primaryClass = {astro-ph},
       adsurl = {https://ui.adsabs.harvard.edu/abs/2007ApOpt..46.3444F},
      adsnote = {Provided by the SAO/NASA Astrophysics Data System}
}

@ARTICLE{field-level-inference-Bayer,
       author = {{Bayer}, Adrian E. and {Seljak}, Uros and {Modi}, Chirag},
        title = "{Field-Level Inference with Microcanonical Langevin Monte Carlo}",
      journal = {arXiv e-prints},
     keywords = {Astrophysics - Cosmology and Nongalactic Astrophysics, Astrophysics - Instrumentation and Methods for Astrophysics, Physics - Data Analysis, Statistics and Probability, Statistics - Computation, Statistics - Methodology},
         year = 2023,
        month = jul,
          eid = {arXiv:2307.09504},
        pages = {arXiv:2307.09504},
          doi = {10.48550/arXiv.2307.09504},
archivePrefix = {arXiv},
       eprint = {2307.09504},
 primaryClass = {astro-ph.CO},
       adsurl = {https://ui.adsabs.harvard.edu/abs/2023arXiv230709504B},
      adsnote = {Provided by the SAO/NASA Astrophysics Data System}
}

@ARTICLE{field-level-inference-Nguyen,
       author = {{Nguyen}, Nhat-Minh and {Schmidt}, Fabian and {Tucci}, Beatriz and {Reinecke}, Martin and {Kosti{\'c}}, Andrija},
        title = "{How Much Information Can Be Extracted from Galaxy Clustering at the Field Level?}",
      journal = {\prl},
     keywords = {Cosmology, Astrophysics, and Gravitation, Astrophysics - Cosmology and Nongalactic Astrophysics, Astrophysics - Instrumentation and Methods for Astrophysics},
         year = 2024,
        month = nov,
       volume = {133},
       number = {22},
          eid = {221006},
        pages = {221006},
          doi = {10.1103/PhysRevLett.133.221006},
archivePrefix = {arXiv},
       eprint = {2403.03220},
 primaryClass = {astro-ph.CO},
       adsurl = {https://ui.adsabs.harvard.edu/abs/2024PhRvL.133v1006N},
      adsnote = {Provided by the SAO/NASA Astrophysics Data System}
}

@ARTICLE{LSS-color-dependent-stochasticity,
       author = {{Patej}, Anna and {Eisenstein}, Daniel},
        title = "{Quantifying the colour-dependent stochasticity of large-scale structure}",
      journal = {\mnras},
     keywords = {galaxies: statistics, large-scale structure of Universe, Astrophysics - Cosmology and Nongalactic Astrophysics},
         year = 2016,
        month = aug,
       volume = {460},
       number = {2},
        pages = {1310-1317},
          doi = {10.1093/mnras/stw635},
archivePrefix = {arXiv},
       eprint = {1510.01737},
 primaryClass = {astro-ph.CO},
       adsurl = {https://ui.adsabs.harvard.edu/abs/2016MNRAS.460.1310P},
      adsnote = {Provided by the SAO/NASA Astrophysics Data System}
}

@ARTICLE{ACT-lensingxDESI-LRG-structure-formation-Kim,
       author = {{Kim}, Joshua and {Sailer}, Noah and {Madhavacheril}, Mathew S. and {Ferraro}, Simone and {Abril-Cabezas}, Irene and {Aguilar}, Jessica Nicole and {Ahlen}, Steven and {Richard Bond}, J. and {Brooks}, David and {Burtin}, Etienne and {Calabrese}, Erminia and {Chen}, Shi-Fan and {Choi}, Steve K. and {Claybaugh}, Todd and {Darwish}, Omar and {de la Macorra}, Axel and {DeRose}, Joseph and {Devlin}, Mark and {Dey}, Arjun and {Doel}, Peter and {Dunkley}, Jo and {Embil-Villagra}, Carmen and {Farren}, Gerrit S. and {Font-Ribera}, Andreu and {Forero-Romero}, Jaime E. and {Gazta{\~n}aga}, Enrique and {Gluscevic}, Vera and {Gontcho}, Satya Gontcho A. and {Guy}, Julien and {Honscheid}, Klaus and {Howlett}, Cullan and {Kirkby}, David and {Kisner}, Theodore and {Kremin}, Anthony and {Landriau}, Martin and {Le Guillou}, Laurent and {Levi}, Michael E. and {MacCrann}, Niall and {Manera}, Marc and {Marques}, Gabriela A. and {Meisner}, Aaron and {Miquel}, Ramon and {Moodley}, Kavilan and {Moustakas}, John and {Newburgh}, Laura B. and {Newman}, Jeffrey A. and {Niz}, Gustavo and {Orlowski-Scherer}, John and {Palanque-Delabrouille}, Nathalie and {Percival}, Will J. and {Prada}, Francisco and {Qu}, Frank J. and {Rossi}, Graziano and {Sanchez}, Eusebio and {Schaan}, Emmanuel and {Schlafly}, Edward F. and {Schlegel}, David and {Schubnell}, Michael and {Sehgal}, Neelima and {Seo}, Hee-Jung and {Shaikh}, Shabbir and {Sherwin}, Blake D. and {Sif{\'o}n}, Crist{\'o}bal and {Sprayberry}, David and {Staggs}, Suzanne T. and {Tarl{\'e}}, Gregory and {van Engelen}, Alexander and {Weaver}, Benjamin Alan and {Wenzl}, Lukas and {White}, Martin and {Wollack}, Edward J. and {Y{\`e}che}, Christophe and {Zou}, Hu},
        title = "{The Atacama Cosmology Telescope DR6 and DESI: structure formation over cosmic time with a measurement of the cross-correlation of CMB lensing and luminous red galaxies}",
      journal = {\jcap},
     keywords = {cosmological parameters from LSS, gravitational lensing, power spectrum, redshift surveys, Astrophysics - Cosmology and Nongalactic Astrophysics},
         year = 2024,
        month = dec,
       volume = {2024},
       number = {12},
          eid = {022},
        pages = {022},
          doi = {10.1088/1475-7516/2024/12/022},
archivePrefix = {arXiv},
       eprint = {2407.04606},
 primaryClass = {astro-ph.CO},
       adsurl = {https://ui.adsabs.harvard.edu/abs/2024JCAP...12..022K},
      adsnote = {Provided by the SAO/NASA Astrophysics Data System}
}

@ARTICLE{ACT-lensingxDESI-LRG-structure-formation-Sailer,
       author = {{Sailer}, Noah and {Kim}, Joshua and {Ferraro}, Simone and {Madhavacheril}, Mathew S. and {White}, Martin and {Abril-Cabezas}, Irene and {Aguilar}, Jessica Nicole and {Ahlen}, Steven and {Bond}, J. Richard and {Brooks}, David and {Burtin}, Etienne and {Calabrese}, Erminia and {Chen}, Shi-Fan and {Choi}, Steve K. and {Claybaugh}, Todd and {Dawson}, Kyle and {de la Macorra}, Axel and {DeRose}, Joseph and {Dey}, Arjun and {Dey}, Biprateep and {Doel}, Peter and {Dunkley}, Jo and {Embil-Villagra}, Carmen and {Farren}, Gerrit S. and {Font-Ribera}, Andreu and {Forero-Romero}, Jaime E. and {Gazta{\~n}aga}, Enrique and {Gluscevic}, Vera and {Gontcho}, Satya Gontcho A and {Honscheid}, Klaus and {Howlett}, Cullan and {Juneau}, Stephanie and {Kirkby}, David and {Kisner}, Theodore and {Kremin}, Anthony and {Landriau}, Martin and {Le Guillou}, Laurent and {Levi}, Michael and {Manera}, Marc and {Meisner}, Aaron and {Miquel}, Ramon and {Moodley}, Kavilan and {Moustakas}, John and {Niemack}, Michael D. and {Niz}, Gustavo and {Palanque-Delabrouille}, Nathalie and {Percival}, Will and {Prada}, Francisco and {Qu}, Frank J. and {Rossi}, Graziano and {Sanchez}, Eusebio and {Schaan}, Emmanuel and {Schlafly}, Edward and {Schlegel}, David and {Schubnell}, Michael and {Sehgal}, Neelima and {Seo}, Hee-Jong and {Sherwin}, Blake and {Sif{\'o}n}, Crist{\'o}bal and {Sprayberry}, David and {Staggs}, Suzanne T. and {Tarl{\'e}}, Gregory and {Weaver}, Benjamin Alan and {Y{\`e}che}, Christophe and {Zhou}, Rongpu and {Zou}, Hu},
        title = "{Cosmological constraints from the cross-correlation of DESI Luminous Red Galaxies with CMB lensing from Planck PR4 and ACT DR6}",
      journal = {arXiv e-prints},
     keywords = {Astrophysics - Cosmology and Nongalactic Astrophysics},
         year = 2024,
        month = jul,
          eid = {arXiv:2407.04607},
        pages = {arXiv:2407.04607},
          doi = {10.48550/arXiv.2407.04607},
archivePrefix = {arXiv},
       eprint = {2407.04607},
 primaryClass = {astro-ph.CO},
       adsurl = {https://ui.adsabs.harvard.edu/abs/2024arXiv240704607S},
      adsnote = {Provided by the SAO/NASA Astrophysics Data System}
}

@ARTICLE{DESI-QSOxPlanck-lensing-PNG,
       author = {{Krolewski}, Alex and {Percival}, Will J. and {Ferraro}, Simone and {Chaussidon}, Edmond and {Rezaie}, Mehdi and {Aguilar}, Jessica Nicole and {Ahlen}, Steven and {Brooks}, David and {Dawson}, Kyle and {de la Macorra}, Axel and {Doel}, Peter and {Fanning}, Kevin and {Font-Ribera}, Andreu and {a Gontcho}, Satya Gontcho and {Guy}, Julien and {Honscheid}, Klaus and {Kehoe}, Robert and {Kisner}, Theodore and {Kremin}, Anthony and {Landriau}, Martin and {Levi}, Michael E. and {Martini}, Paul and {Meisner}, Aaron M. and {Miquel}, Ramon and {Nie}, Jundan and {Poppett}, Claire and {Ross}, Ashley J. and {Rossi}, Graziano and {Schubnell}, Michael and {Seo}, Hee-Jong and {Tarl{\'e}}, Gregory and {Vargas-Maga{\~n}a}, Mariana and {Weaver}, Benjamin Alan and {Y{\`e}che}, Christophe and {Zhou}, Rongpu and {Zhou}, Zhimin},
        title = "{Constraining primordial non-Gaussianity from DESI quasar targets and Planck CMB lensing}",
      journal = {\jcap},
     keywords = {cosmological parameters from LSS, gravitational lensing, inflation, Astrophysics - Cosmology and Nongalactic Astrophysics},
         year = 2024,
        month = mar,
       volume = {2024},
       number = {3},
          eid = {021},
        pages = {021},
          doi = {10.1088/1475-7516/2024/03/021},
archivePrefix = {arXiv},
       eprint = {2305.07650},
 primaryClass = {astro-ph.CO},
       adsurl = {https://ui.adsabs.harvard.edu/abs/2024JCAP...03..021K},
      adsnote = {Provided by the SAO/NASA Astrophysics Data System}
}

@ARTICLE{DESI-LRGxPlanck-lensing-PNG,
       author = {{Bermejo-Climent}, J.~R. and {Demina}, R. and {Krolewski}, A. and {Chaussidon}, E. and {Rezaie}, M. and {Ahlen}, S. and {Bailey}, S. and {Bianchi}, D. and {Brooks}, D. and {Burtin}, E. and {Claybaugh}, T. and {de la Macorra}, A. and {Dey}, Arjun and {Doel}, P. and {Farren}, G. and {Ferraro}, S. and {Forero-Romero}, J.~E. and {Gazta{\~n}aga}, E. and {Gontcho}, S. Gontcho A and {Gutierrez}, G. and {Hahn}, C. and {Honscheid}, K. and {Howlett}, C. and {Kehoe}, R. and {Kirkby}, D. and {Kisner}, T. and {Landriau}, M. and {Le Guillou}, L. and {Levi}, M.~E. and {Manera}, M. and {Meisner}, A. and {Miquel}, R. and {Moustakas}, J. and {Newman}, J.~A. and {Niz}, G. and {Palanque-Delabrouille}, N. and {Percival}, W.~J. and {Prada}, F. and {P{\'e}rez-R{\`a}fols}, I. and {Rabinowitz}, D. and {Ross}, A.~J. and {Rossi}, G. and {Sanchez}, E. and {Schlegel}, D. and {Sprayberry}, D. and {Tarl{\'e}}, G. and {Weaver}, B.~A. and {White}, M. and {Y{\`e}che}, C. and {Zarrouk}, P.},
        title = "{Constraints on primordial non-Gaussianity from the cross-correlation of DESI Luminous Red Galaxies and $Planck$ CMB lensing}",
      journal = {arXiv e-prints},
     keywords = {Astrophysics - Cosmology and Nongalactic Astrophysics},
         year = 2024,
        month = dec,
          eid = {arXiv:2412.10279},
        pages = {arXiv:2412.10279},
          doi = {10.48550/arXiv.2412.10279},
archivePrefix = {arXiv},
       eprint = {2412.10279},
 primaryClass = {astro-ph.CO},
       adsurl = {https://ui.adsabs.harvard.edu/abs/2024arXiv241210279B},
      adsnote = {Provided by the SAO/NASA Astrophysics Data System}
}

@ARTICLE{multi-tracer-PNG-forecasts,
       author = {{Sullivan}, James M. and {Prijon}, Tijan and {Seljak}, Uro{\v{s}}},
        title = "{Learning to concentrate: multi-tracer forecasts on local primordial non-Gaussianity with machine-learned bias}",
      journal = {\jcap},
     keywords = {cosmological parameters from LSS, Machine learning, Astrophysics - Cosmology and Nongalactic Astrophysics},
         year = 2023,
        month = aug,
       volume = {2023},
       number = {8},
          eid = {004},
        pages = {004},
          doi = {10.1088/1475-7516/2023/08/004},
archivePrefix = {arXiv},
       eprint = {2303.08901},
 primaryClass = {astro-ph.CO},
       adsurl = {https://ui.adsabs.harvard.edu/abs/2023JCAP...08..004S},
      adsnote = {Provided by the SAO/NASA Astrophysics Data System}
}

@ARTICLE{DESI-galaxy-multiplets-tidal-field,
       author = {{Lamman}, Claire and {Eisenstein}, Daniel and {Forero-Romero}, Jaime E. and {Aguilar}, Jessica Nicole and {Ahlen}, Steven and {Bailey}, Stephen and {Bianchi}, Davide and {Brooks}, David and {Claybaugh}, Todd and {de la Macorra}, Axel and {Doel}, Peter and {Ferraro}, Simone and {Font-Ribera}, Andreu and {Gazta{\~n}aga}, Enrique and {Gontcho A Gontcho}, Satya and {Gutierrez}, Gaston and {Honscheid}, Klaus and {Howlett}, Cullan and {Kremin}, Anthony and {Lambert}, Andrew and {Landriau}, Martin and {Le Guillou}, Laurent and {Levi}, Michael E. and {Meisner}, Aaron and {Miquel}, Ramon and {Moustakas}, John and {Newman}, Jeffrey A. and {Niz}, Gustavo and {Prada}, Francisco and {P{\'e}rez-R{\`a}fols}, Ignasi and {Ross}, Ashley J. and {Rossi}, Graziano and {Sanchez}, Eusebio and {Schubnell}, Michael and {Sprayberry}, David and {Tarl{\'e}}, Gregory and {Vargas-Maga{\~n}a}, Mariana and {Weaver}, Benjamin Alan and {Zou}, Hu},
        title = "{Detection of the large-scale tidal field with galaxy multiplet alignment in the DESI Y1 spectroscopic survey}",
      journal = {\mnras},
     keywords = {Astrophysics - Cosmology and Nongalactic Astrophysics},
         year = 2024,
        month = nov,
       volume = {534},
       number = {4},
        pages = {3540-3551},
          doi = {10.1093/mnras/stae2290},
archivePrefix = {arXiv},
       eprint = {2408.11056},
 primaryClass = {astro-ph.CO},
       adsurl = {https://ui.adsabs.harvard.edu/abs/2024MNRAS.534.3540L},
      adsnote = {Provided by the SAO/NASA Astrophysics Data System}
}

@ARTICLE{matched-filters-intro,
  author={Turin, G.},
  journal={IRE Transactions on Information Theory}, 
  title={An introduction to matched filters}, 
  year={1960},
  volume={6},
  number={3},
  pages={311-329},
  abstract={In a tutorial exposition, the following topics are discussed: definition of a matched filter; where matched filters arise; properties of matched filters; matched-filter synthesis and signal specification; some forms of matched filters.},
  keywords={Matched filters;Nonlinear filters;Information theory;Transfer functions;Bibliographies;Fourier transforms;Signal synthesis;Estimation theory;Filtering theory;Probability density function},
  doi={10.1109/TIT.1960.1057571},
  ISSN={2168-2712},
  month={June},
}

@ARTICLE{pairwise-peculiar-velocity-distribution-nonlinear,
       author = {{Sheth}, Ravi K.},
        title = "{The distribution of pairwise peculiar velocities in the non-linear regime}",
      journal = {\mnras},
     keywords = {GALAXIES: CLUSTERS: GENERAL, GALAXIES: EVOLUTION, GALAXIES: FORMATION, COSMOLOGY: THEORY, DARK MATTER, Astrophysics},
         year = 1996,
        month = apr,
       volume = {279},
        pages = {1310},
          doi = {10.1093/mnras/279.4.1310},
archivePrefix = {arXiv},
       eprint = {astro-ph/9511068},
 primaryClass = {astro-ph},
       adsurl = {https://ui.adsabs.harvard.edu/abs/1996MNRAS.279.1310S},
      adsnote = {Provided by the SAO/NASA Astrophysics Data System}
}

