% References added specifically for this chapter

@ARTICLE{BOSS-DR9-clustering,
       author = {{Anderson}, Lauren and {Aubourg}, Eric and {Bailey}, Stephen and {Bizyaev}, Dmitry and {Blanton}, Michael and {Bolton}, Adam S. and {Brinkmann}, J. and {Brownstein}, Joel R. and {Burden}, Angela and {Cuesta}, Antonio J. and {da Costa}, Luiz A.~N. and {Dawson}, Kyle S. and {de Putter}, Roland and {Eisenstein}, Daniel J. and {Gunn}, James E. and {Guo}, Hong and {Hamilton}, Jean-Christophe and {Harding}, Paul and {Ho}, Shirley and {Honscheid}, Klaus and {Kazin}, Eyal and {Kirkby}, David and {Kneib}, Jean-Paul and {Labatie}, Antoine and {Loomis}, Craig and {Lupton}, Robert H. and {Malanushenko}, Elena and {Malanushenko}, Viktor and {Mandelbaum}, Rachel and {Manera}, Marc and {Maraston}, Claudia and {McBride}, Cameron K. and {Mehta}, Kushal T. and {Mena}, Olga and {Montesano}, Francesco and {Muna}, Demetri and {Nichol}, Robert C. and {Nuza}, Sebasti{\'a}n E. and {Olmstead}, Matthew D. and {Oravetz}, Daniel and {Padmanabhan}, Nikhil and {Palanque-Delabrouille}, Nathalie and {Pan}, Kaike and {Parejko}, John and {P{\^a}ris}, Isabelle and {Percival}, Will J. and {Petitjean}, Patrick and {Prada}, Francisco and {Reid}, Beth and {Roe}, Natalie A. and {Ross}, Ashley J. and {Ross}, Nicholas P. and {Samushia}, Lado and {S{\'a}nchez}, Ariel G. and {Schlegel}, David J. and {Schneider}, Donald P. and {Sc{\'o}ccola}, Claudia G. and {Seo}, Hee-Jong and {Sheldon}, Erin S. and {Simmons}, Audrey and {Skibba}, Ramin A. and {Strauss}, Michael A. and {Swanson}, Molly E.~C. and {Thomas}, Daniel and {Tinker}, Jeremy L. and {Tojeiro}, Rita and {Maga{\~n}a}, Mariana Vargas and {Verde}, Licia and {Wagner}, Christian and {Wake}, David A. and {Weaver}, Benjamin A. and {Weinberg}, David H. and {White}, Martin and {Xu}, Xiaoying and {Y{\`e}che}, Christophe and {Zehavi}, Idit and {Zhao}, Gong-Bo},
        title = "{The clustering of galaxies in the SDSS-III Baryon Oscillation Spectroscopic Survey: baryon acoustic oscillations in the Data Release 9 spectroscopic galaxy sample}",
      journal = {\mnras},
     keywords = {cosmological parameters, cosmology: observations, dark energy, distance scale, large-scale structure of Universe, Astrophysics - Cosmology and Nongalactic Astrophysics},
         year = 2012,
        month = dec,
       volume = {427},
       number = {4},
        pages = {3435-3467},
          doi = {10.1111/j.1365-2966.2012.22066.x},
archivePrefix = {arXiv},
       eprint = {1203.6594},
 primaryClass = {astro-ph.CO},
       adsurl = {https://ui.adsabs.harvard.edu/abs/2012MNRAS.427.3435A},
      adsnote = {Provided by the SAO/NASA Astrophysics Data System}
}

@ARTICLE{PantheonPlus-cosmo,
       author = {{Brout}, Dillon and {Scolnic}, Dan and {Popovic}, Brodie and {Riess}, Adam G. and {Carr}, Anthony and {Zuntz}, Joe and {Kessler}, Rick and {Davis}, Tamara M. and {Hinton}, Samuel and {Jones}, David and {Kenworthy}, W. D'Arcy and {Peterson}, Erik R. and {Said}, Khaled and {Taylor}, Georgie and {Ali}, Noor and {Armstrong}, Patrick and {Charvu}, Pranav and {Dwomoh}, Arianna and {Meldorf}, Cole and {Palmese}, Antonella and {Qu}, Helen and {Rose}, Benjamin M. and {Sanchez}, Bruno and {Stubbs}, Christopher W. and {Vincenzi}, Maria and {Wood}, Charlotte M. and {Brown}, Peter J. and {Chen}, Rebecca and {Chambers}, Ken and {Coulter}, David A. and {Dai}, Mi and {Dimitriadis}, Georgios and {Filippenko}, Alexei V. and {Foley}, Ryan J. and {Jha}, Saurabh W. and {Kelsey}, Lisa and {Kirshner}, Robert P. and {M{\"o}ller}, Anais and {Muir}, Jessie and {Nadathur}, Seshadri and {Pan}, Yen-Chen and {Rest}, Armin and {Rojas-Bravo}, Cesar and {Sako}, Masao and {Siebert}, Matthew R. and {Smith}, Mat and {Stahl}, Benjamin E. and {Wiseman}, Phil},
        title = "{The Pantheon+ Analysis: Cosmological Constraints}",
      journal = {\apj},
     keywords = {Cosmology, Dark energy, Dark matter, Type Ia supernovae, Cosmological models, Expanding universe, 343, 351, 353, 1728, 337, 502, Astrophysics - Cosmology and Nongalactic Astrophysics},
         year = 2022,
        month = oct,
       volume = {938},
       number = {2},
          eid = {110},
        pages = {110},
          doi = {10.3847/1538-4357/ac8e04},
archivePrefix = {arXiv},
       eprint = {2202.04077},
 primaryClass = {astro-ph.CO},
       adsurl = {https://ui.adsabs.harvard.edu/abs/2022ApJ...938..110B},
      adsnote = {Provided by the SAO/NASA Astrophysics Data System}
}

@ARTICLE{Union3,
       author = {{Rubin}, David and {Aldering}, Greg and {Betoule}, Marc and {Fruchter}, Andy and {Huang}, Xiaosheng and {Kim}, Alex G. and {Lidman}, Chris and {Linder}, Eric and {Perlmutter}, Saul and {Ruiz-Lapuente}, Pilar and {Suzuki}, Nao},
        title = "{Union Through UNITY: Cosmology with 2,000 SNe Using a Unified Bayesian Framework}",
      journal = {arXiv e-prints},
     keywords = {Astrophysics - Cosmology and Nongalactic Astrophysics},
         year = 2023,
        month = nov,
          eid = {arXiv:2311.12098},
        pages = {arXiv:2311.12098},
          doi = {10.48550/arXiv.2311.12098},
archivePrefix = {arXiv},
       eprint = {2311.12098},
 primaryClass = {astro-ph.CO},
       adsurl = {https://ui.adsabs.harvard.edu/abs/2023arXiv231112098R},
      adsnote = {Provided by the SAO/NASA Astrophysics Data System}
}

@ARTICLE{DES-Y5-SN-cosmo,
       author = {{DES Collaboration} and others},
        title = "{The Dark Energy Survey: Cosmology Results With \raisebox{-0.5ex}\textasciitilde1500 New High-redshift Type Ia Supernovae Using The Full 5-year Dataset}",
      journal = {arXiv e-prints},
     keywords = {Astrophysics - Cosmology and Nongalactic Astrophysics},
         year = 2024,
        month = jan,
          eid = {arXiv:2401.02929},
        pages = {arXiv:2401.02929},
          doi = {10.48550/arXiv.2401.02929},
archivePrefix = {arXiv},
       eprint = {2401.02929},
 primaryClass = {astro-ph.CO},
       adsurl = {https://ui.adsabs.harvard.edu/abs/2024arXiv240102929D},
      adsnote = {Provided by the SAO/NASA Astrophysics Data System}
}

@ARTICLE{Planck-PR4-lensing,
       author = {{Carron}, Julien and {Mirmelstein}, Mark and {Lewis}, Antony},
        title = "{CMB lensing from Planck PR4 maps}",
      journal = {\jcap},
     keywords = {cosmological parameters from CMBR, gravitational lensing, Astrophysics - Cosmology and Nongalactic Astrophysics},
         year = 2022,
        month = sep,
       volume = {2022},
       number = {9},
          eid = {039},
        pages = {039},
          doi = {10.1088/1475-7516/2022/09/039},
archivePrefix = {arXiv},
       eprint = {2206.07773},
 primaryClass = {astro-ph.CO},
       adsurl = {https://ui.adsabs.harvard.edu/abs/2022JCAP...09..039C},
      adsnote = {Provided by the SAO/NASA Astrophysics Data System}
}

@ARTICLE{CPL-Chevalier-Polarski2001,
       author = {{Chevallier}, Michel and {Polarski}, David},
        title = "{Accelerating Universes with Scaling Dark Matter}",
      journal = {International Journal of Modern Physics D},
     keywords = {General Relativity and Quantum Cosmology, Astrophysics},
         year = 2001,
        month = jan,
       volume = {10},
       number = {2},
        pages = {213-223},
          doi = {10.1142/S0218271801000822},
archivePrefix = {arXiv},
       eprint = {gr-qc/0009008},
 primaryClass = {gr-qc},
       adsurl = {https://ui.adsabs.harvard.edu/abs/2001IJMPD..10..213C},
      adsnote = {Provided by the SAO/NASA Astrophysics Data System}
}

@ARTICLE{CPL-Linder2003,
       author = {{Linder}, Eric V.},
        title = "{Exploring the Expansion History of the Universe}",
      journal = {\prl},
     keywords = {98.80.-k, 04.50.+h, Cosmology, Gravity in more than four dimensions Kaluza-Klein theory unified field theories, alternative theories of gravity, Astrophysics},
         year = 2003,
        month = mar,
       volume = {90},
       number = {9},
          eid = {091301},
        pages = {091301},
          doi = {10.1103/PhysRevLett.90.091301},
archivePrefix = {arXiv},
       eprint = {astro-ph/0208512},
 primaryClass = {astro-ph},
       adsurl = {https://ui.adsabs.harvard.edu/abs/2003PhRvL..90i1301L},
      adsnote = {Provided by the SAO/NASA Astrophysics Data System}
}

@ARTICLE{CPL-dePutter2008,
       author = {{\VAN{Putter}{De}{de} Putter}, Roland and {Linder}, Eric V.},
        title = "{Calibrating dark energy}",
      journal = {\jcap},
     keywords = {Astrophysics},
         year = 2008,
        month = oct,
       volume = {2008},
       number = {10},
          eid = {042},
        pages = {042},
          doi = {10.1088/1475-7516/2008/10/042},
archivePrefix = {arXiv},
       eprint = {0808.0189},
 primaryClass = {astro-ph},
       adsurl = {https://ui.adsabs.harvard.edu/abs/2008JCAP...10..042D},
      adsnote = {Provided by the SAO/NASA Astrophysics Data System}
}

@ARTICLE{DESI2024-physical-DE,
       author = {{Lodha}, K. and {Shafieloo}, A. and {Calderon}, R. and {Linder}, E. and {Sohn}, W. and {Cervantes-Cota}, J.~L. and {de Mattia}, A. and {Garc{\'\i}a-Bellido}, J. and {Ishak}, M. and {Matthewson}, W. and {Aguilar}, J. and {Ahlen}, S. and {Brooks}, D. and {Claybaugh}, T. and {de la Macorra}, A. and {Dey}, A. and {Dey}, B. and {Doel}, P. and {Forero-Romero}, J.~E. and {Gazta{\~n}aga}, E. and {Gontcho}, S. Gontcho A. and {Howlett}, C. and {Juneau}, S. and {Kent}, S. and {Kisner}, T. and {Lambert}, A. and {Landriau}, M. and {Le Guillou}, L. and {Martini}, P. and {Meisner}, A. and {Miquel}, R. and {Moustakas}, J. and {Newman}, J.~A. and {Niz}, G. and {Palanque-Delabrouille}, N. and {Percival}, W.~J. and {Poppett}, C. and {Prada}, F. and {Rossi}, G. and {Ruhlmann-Kleider}, V. and {Sanchez}, E. and {Schlafly}, E.~F. and {Schlegel}, D. and {Schubnell}, M. and {Seo}, H. and {Sprayberry}, D. and {Tarl{\'e}}, G. and {Weaver}, B.~A. and {Zou}, H. and {DESI Collaboration}},
        title = "{DESI 2024: Constraints on physics-focused aspects of dark energy using DESI DR1 BAO data}",
      journal = {\prd},
     keywords = {Cosmology, Astrophysics - Cosmology and Nongalactic Astrophysics},
         year = 2025,
        month = jan,
       volume = {111},
       number = {2},
          eid = {023532},
        pages = {023532},
          doi = {10.1103/PhysRevD.111.023532},
archivePrefix = {arXiv},
       eprint = {2405.13588},
 primaryClass = {astro-ph.CO},
       adsurl = {https://ui.adsabs.harvard.edu/abs/2025PhRvD.111b3532L},
      adsnote = {Provided by the SAO/NASA Astrophysics Data System}
}

@ARTICLE{mirage-DE,
       author = {{Linder}, Eric V.},
        title = "{The Mirage of w=-1}",
      journal = {arXiv e-prints},
     keywords = {Astrophysics},
         year = 2007,
        month = aug,
          eid = {arXiv:0708.0024},
        pages = {arXiv:0708.0024},
          doi = {10.48550/arXiv.0708.0024},
archivePrefix = {arXiv},
       eprint = {0708.0024},
 primaryClass = {astro-ph},
       adsurl = {https://ui.adsabs.harvard.edu/abs/2007arXiv0708.0024L},
      adsnote = {Provided by the SAO/NASA Astrophysics Data System}
}

@ARTICLE{interpreting-DESI-DE-Cortes,
       author = {{Cort{\^e}s}, Marina and {Liddle}, Andrew R.},
        title = "{Interpreting DESI's evidence for evolving dark energy}",
      journal = {\jcap},
     keywords = {dark energy theory, Bayesian reasoning, dark energy experiments, Astrophysics - Cosmology and Nongalactic Astrophysics, General Relativity and Quantum Cosmology},
         year = 2024,
        month = dec,
       volume = {2024},
       number = {12},
          eid = {007},
        pages = {007},
          doi = {10.1088/1475-7516/2024/12/007},
archivePrefix = {arXiv},
       eprint = {2404.08056},
 primaryClass = {astro-ph.CO},
       adsurl = {https://ui.adsabs.harvard.edu/abs/2024JCAP...12..007C},
      adsnote = {Provided by the SAO/NASA Astrophysics Data System}
}

@ARTICLE{physical-phantom-DE-after-DESI,
       author = {{Dinda}, Bikash R. and {Maartens}, Roy},
        title = "{Physical vs phantom dark energy after DESI: thawing quintessence in a curved background}",
      journal = {arXiv e-prints},
     keywords = {Cosmology and Nongalactic Astrophysics, General Relativity and Quantum Cosmology},
         year = 2025,
        month = apr,
          eid = {arXiv:2504.15190},
        pages = {arXiv:2504.15190},
          doi = {10.48550/arXiv.2504.15190},
archivePrefix = {arXiv},
       eprint = {2504.15190},
 primaryClass = {astro-ph.CO},
       adsurl = {https://ui.adsabs.harvard.edu/abs/2025arXiv250415190D},
      adsnote = {Provided by the SAO/NASA Astrophysics Data System}
}

@ARTICLE{interacting-DE-after-DESI,
       author = {{Giar{\`e}}, William and {Sabogal}, Miguel A. and {Nunes}, Rafael C. and {Di Valentino}, Eleonora},
        title = "{Interacting Dark Energy after DESI Baryon Acoustic Oscillation Measurements}",
      journal = {\prl},
     keywords = {Cosmology, Astrophysics, and Gravitation, Astrophysics - Cosmology and Nongalactic Astrophysics, High Energy Physics - Phenomenology},
         year = 2024,
        month = dec,
       volume = {133},
       number = {25},
          eid = {251003},
        pages = {251003},
          doi = {10.1103/PhysRevLett.133.251003},
archivePrefix = {arXiv},
       eprint = {2404.15232},
 primaryClass = {astro-ph.CO},
       adsurl = {https://ui.adsabs.harvard.edu/abs/2024PhRvL.133y1003G},
      adsnote = {Provided by the SAO/NASA Astrophysics Data System}
}

@ARTICLE{BBN-2024,
       author = {{Sch{\"o}neberg}, Nils},
        title = "{The 2024 BBN baryon abundance update}",
      journal = {\jcap},
     keywords = {big bang nucleosynthesis, baryon acoustic oscillations, neutrino properties, cosmological parameters from LSS, Astrophysics - Cosmology and Nongalactic Astrophysics},
         year = 2024,
        month = jun,
       volume = {2024},
       number = {6},
          eid = {006},
        pages = {006},
          doi = {10.1088/1475-7516/2024/06/006},
archivePrefix = {arXiv},
       eprint = {2401.15054},
 primaryClass = {astro-ph.CO},
       adsurl = {https://ui.adsabs.harvard.edu/abs/2024JCAP...06..006S},
      adsnote = {Provided by the SAO/NASA Astrophysics Data System}
}

